3020 4853
541 388 640 437 DE
685 386 1100 438 VERBORUM
1148 379 1763 440 slei-timca'rlonn
1812 387 1956 438 LlB.
2005 388 2165 440 xvt.

2283 374 2425 446 ⁴75³

318 531 551 615 pulum
577 530 850 596 comitiis
879 541 1166 594 oraverat
1177 552 1294 616 per
1307 529 1473 595 Deos
1497 538 1574 599 ut
1593 551 1672 597 eo
1702 533 2008 616 periculo
2032 532 2422 618 liberaretur,

299 633 576 718 jubebat
618 633 1032 719 magistratus
1082 655 1229 700 eum
1276 655 1627 701 resecrare.

1721 632 1966 700 Rursus
2009 647 2218 701 autem
2265 638 2425 705 idem

321 738 424 801 uti
475 758 549 802 se
593 738 944 803 liberarent
985 737 1343 814 insistebat,
1385 748 1446 803 et
1491 736 1655 824 quod
1705 738 1907 803 insons
1974 740 2427 826 innocensque

325 847 499 907 esset
519 839 902 906 causabatur
924 864 943 902 .·
987 851 1069 921 et,
1108 841 1276 927 quad
1302 838 1486 925 caput
1519 847 1640 920 est,
1671 862 1756 907 ne
1784 843 2000 908 eidem
2028 845 2262 909 iterum
2293 844 2420 909 dies

323 943 654 1023 diceretur,
685 966 828 1008 neve
871 945 1092 1011 iterum
1140 946 1580 1012 animadverti
1612 954 1952 1012 statuerent
1973 955 1999 994 5
2037 949 2103 1011 in
2132 971 2292 1030 eum,
2320 947 2429 1017 de-

315 1045 720 1132 precabatur,
751 1066 1039 1132 cumque
1067 1049 1341 1113 comitia
1368 1059 1594 1114 essent
1617 1047 1999 1116 dimittenda.

1300 1160 1421 1217 ut.⁸

1161 1344 1517 1368 ”O‘OOOOM‘

311 1486 343 1531 5
377 1479 475 1532 Ed.
492 1460 630 1531 Scal-
649 1485 935 1531 statuerant.

1226 1628 1448 1682 NOTAE

236 1740 432 1792 bimus.
499 1741 667 1793 Luem
703 1742 859 1808 igitur
890 1742 1093 1809 integer
1124 1743 1200 1795 sic
1224 1759 1304 1795 re·

244 1817 548 1868 sarciendus
570 1835 584 1868 z
617 1835 808 1884 cumque
827 1820 1018 1870 comitia
1051 1826 1205 1871 essent
1228 1821 1303 1870 di-

241 1893 500 1955 mittenda,
528 1902 720 1958 peracto
740 1897 994 1961 sacrificio,
1028 1900 1163 1962 quasi
1179 1899 1307 1965 fiais

240 1967 523 2032 impetratus
542 1977 680 2028 esset,
703 1977 748 2021 et
770 1973 907 2035 quusi
921 1974 1096 2033 ‘serent
1114 1974 1308 2026 comitia

240 2046 455 2109 perfectu
496 2048 651 2106 εκηιίς
685 2056 785 2097 tum
810 2064 943 2097 reum
962 2049 1192 2109 jubebunt
1229 2065 1304 2101 sa·

243 2123 460 2171 ces-dotes
478 2137 563 2171 sao
582 2137 725 2185 more,
744 2124 935 2189 aliisque
950 2124 1307 2188 peractisjuta

243 2200 624 2249 consumatum
657 2201 768 2257 laci,
803 2202 963 2264 inquo
999 2216 1131 2250 sacru
1150 2202 1308 2261 faeie·

248 2274 385 2332 bant,
400 2288 478 2324 reo
499 2291 530 2325 a
551 2276 853 2326 eatam-ibes
882 2277 1207 2339 ingmicalato
1232 2281 1308 2325 at·

248 2367 341 2415 qne
357 2354 430 2403 ita
448 2354 695 2417 inclinato,
715 2356 873 2404 einum
888 2356 942 2404 in
979 2360 1121 2419 caput
1150 2355 1311 2415 insan-

247 2428 423 2479 debant
462 2432 641 2481 solem
687 2448 793 2482 cam
843 2433 1129 2496 precatione.
1195 2431 1314 2482 Iade

249 2506 459 2555 Planius
471 2520 490 2556 .·
512 2507 805 2571 Resecroqae
824 2514 978 2558 mater
997 2510 1120 2572 qnod
1139 2510 1316 2558 dudm

248 2581 620 2633 ubam.
687 2585 886 2634 Dicitur
916 2585 1059 2634 eciam
1090 2599 1314 2635 resecrar.

248 2659 376 2710 Non
402 2659 612 2710 dubium
648 2661 772 2725 qnin
812 2663 885 2711 ita
920 2668 1207 2725 conceptus
1242 2662 1317 2711 lo·

250 2755 348 2792 cns
368 2739 546 2793 fuerit.
611 2743 891 2793 Sciendum
924 2748 1008 2792 est
1038 2747 1233 2803 antem,
1250 2757 1316 2792 ea

253 2818 630 2882 superstitione
652 2820 874 2870 imbutos
896 2819 1056 2869 fnisse
1073 2820 1314 2884 Veteres,

253 2902 339 2958 nt,
359 2894 399 2944 si
422 2896 533 2960 quis
554 2895 741 2946 obsecro
763 2897 987 2960 dixerat,
1021 2910 1138 2946 eum
1163 2910 1314 2960 quem

251 2971 620 3036 alloquebatur
635 2973 961 3034 obstringere
979 2971 1315 3035 obligareque

254 3048 480 3112 quodam
524 3054 846 3100 sacramento
885 3055 941 3098 et
972 3046 1315 3112 jurejurando

250 3124 542 3187 videretur,
580 3126 717 3176 unde
755 3124 963 3175 liberari
988 3137 1088 3174 non
1120 3129 1326 3187 posset„

251 3201 356 3250 nisi
378 3199 537 3264 idem,
553 3203 646 3267 qni
666 3201 1047 3257 obsecraverat,
1083 3213 1309 3249 resecra-

215 3341 222 3347 .
250 3283 360 3339 ret,
420 3276 473 3326 id
532 3283 629 3340 est,
669 3291 734 3327 ea
780 3278 1031 3340 religione
1075 3276 1317 3326 solveret.

251 3351 436 3402 Plant.
474 3351 706 3403 Aulular.
772 3355 789 3382 ⁴
810 3355 966 3404 Nunc
1008 3359 1065 3403 te
1100 3352 1317 3403 obsecro

251 3430 364 3478 Fac
384 3431 697 3480 mentionem
714 3444 829 3479 cum
853 3430 1132 3493 avunculo,
1151 3437 1319 3480 mater

252 3519 391 3556 meat
411 3506 761 3570 Resecroque,
776 3512 961 3568 mater,
977 3505 1110 3571 qnod
1125 3504 1320 3560 dudum

252 3582 686 3633 obsecraveram?
750 3583 958 3646 Nempe
1013 3582 1321 3632 obsecrave-

254 3664 344 3709 rat
361 3664 600 3718 matrem,
619 3664 679 3708 nt
696 3672 762 3710 ne
778 3672 893 3707 cnm
906 3658 1161 3707 avunculo
1175 3670 1319 3706 rnen·

257 3734 454 3784 tionem
495 3731 700 3783 faceret
740 3732 807 3783 de
863 3733 1123 3783 Euclionis
1194 3732 1321 3783 filia.

257 3810 421 3862 Nunc
441 3815 642 3866 contra,
676 3815 878 3859 mutata
898 3808 1180 3869 sententia,
1204 3822 1320 3858 eam

260 3888 528 3949 obsecrat,
549 3891 605 3935 ut
626 3898 741 3935 cnm
775 3899 836 3935 eo
859 3884 927 3935 de
961 3883 1141 3933 eadem
1161 3883 1317 3934 collo·

237 3947 469 4029 'quatum
534 3963 607 4013 Et
642 3962 764 4027 qnia
783 3967 948 4012 mater
970 3960 1130 4026 priori
1167 3959 1318 4010 obse-

256 4040 498 4091 cratione
519 4037 774 4092 obstricta
806 4045 862 4087 et
882 4037 1114 4101 obligata
1144 4050 1319 4086 mane·

260 4118 375 4175 bat,
397 4115 750 4166 resectatione
773 4130 904 4180 opus
925 4125 1060 4176 erat,
1082 4129 1185 4180 qua
1206 4129 1319 4164 earn

1383 1744 1666 1811 facturum,
1707 1747 1752 1798 is
1793 1760 1857 1799 eo
1889 1745 2234 1812 obligabatur,
2268 1754 2437 1817 neque

1382 1830 1505 1874 voto
1546 1823 1752 1874 liberari
1793 1830 2002 1888 poterat
2043 1825 2144 1874 nisi
2177 1837 2235 1873 se
2267 1823 2440 1887 ipsum

1383 1907 1716 1951 resecrasset.
1779 1901 1922 1951 Hinc
1960 1898 2322 1966 intelligendus
2363 1900 2441 1948 1ο-

1384 1991 1477 2027 cns
1510 1976 1808 2027 Marcellini
1828 1977 1922 2027 lib.
1947 1989 2110 2026 xxiv.
2145 1973 2282 2041 qnod
2307 1972 2441 2024 vidit

1385 2053 1544 2103 etiam
1567 2054 1779 2104 doctiss.
1803 2054 1996 2104 Petrus
2018 2052 2283 2103 Pithoens:
2309 2050 2441 2102 ‘Ex-

1385 2128 1629 2178 clamavit
1659 2128 1953 2193 indignatns
1976 2129 2169 2180 acriter
2188 2126 2447 2184 Julianus,

1387 2202 1678 2267 Jovemqne
1722 2211 1944 2255 testatus
1980 2210 2064 2253 est
2103 2204 2243 2253 nulla
2280 2202 2449 2253 Marti

1390 2296 1540 2333 sacra
1578 2281 1863 2333 facturum:
1897 2296 1995 2332 nec
2032 2280 2319 2332 resecravit
2361 2293 2449 2331 ce-

1390 2358 1486 2409 leri
1507 2364 1676 2408 morte
1714 2358 2050 2425 praeceptus?
2116 2360 2322 2421 Nempe
2353 2355 2448 2408 Ju-

1394 2437 1533 2486 liano
1564 2443 1733 2487 morte
1761 2442 2055 2502 pravento,
2078 2450 2179 2486 non
2210 2432 2358 2484 licuit
2388 2446 2449 2483 se

1395 2511 1769 2562 obsecrationis
1838 2512 2087 2576 religione
2158 2509 2451 2560 absolvere.

1393 2588 1504 2638 Sed
1524 2587 1793 2638 redeamus
1830 2588 1894 2639 ad
1924 2589 2153 2638 Festum.
2219 2586 2358 2636 Reus
2394 2583 2453 2633 in

1397 2664 1611 2716 comitio
1634 2666 1877 2730 populum
1900 2671 2031 2728 orat,
2063 2672 2124 2714 ut
2145 2678 2201 2714 se
2221 2661 2454 2727 periculo

1396 2741 1605 2792 liberet.
1666 2741 1842 2793 Judex
1885 2740 2243 2791 obsecratione
2281 2743 2452 2792 motu·

1388 2818 1540 2880 jubet
1555 2831 1675 2869 enm
1699 2831 1962 2869 resecrare
1987 2817 2121 2882 quod
2145 2812 2455 2886 obsecrare-

1394 2899 1502 2944 ηις
1527 2906 1646 2944 nam
1668 2893 1766 2942 nisi
1786 2897 2094 2945 resecrasset
2118 2904 2255 2953 rens,
2274 2901 2454 2953 quam·

1396 2968 1472 3018 vis
1494 2983 1561 3018 ex
1573 2969 1723 3033 justa
1740 2983 1898 3019 cansa
1912 2983 1944 3017 a
1967 2967 2160 3032 populo
2179 2966 2455 3015 damnatus

1396 3051 1554 3109 esset,
1576 3048 1797 3111 populus
1825 3046 1939 3111 ipse
1960 3044 2207 3108 religione
2239 3040 2457 3093 obstric-

1395 3129 1478 3172 tus
1500 3122 1790 3173 mansisset.
1854 3121 1997 3172 Reus
2018 3127 2204 3172 contra
2229 3124 2381 3183 urget
2401 3121 2461 3170 et.

1395 3200 1535 3264 quod
1557 3200 1803 3250 innocens
1835 3199 1907 3251 sit
1940 3206 2199 3260 causatur,
2222 3194 2460 3246 tandem·

1396 3290 1516 3341 qne,
1534 3291 1651 3326 cnm
1673 3290 1793 3327 rens
1818 3276 1933 3339 cogi
1953 3290 2056 3326 non
2089 3281 2265 3343 potest
2285 3278 2346 3321 nt
2368 3284 2462 3333 po·

1396 3353 1575 3416 pulum
1619 3361 1930 3417 resecraret,
1985 3350 2285 3402 sacerdotes
2340 3359 2460 3395 eum

1395 3432 1528 3480 sumi
1556 3431 1769 3495 jubent,
1793 3439 1951 3494 atque
1970 3430 2050 3478 ita
2071 3438 2167 3489 per
2184 3423 2462 3482 calator-ee,

1395 3505 1451 3559 id
1476 3512 1577 3562 est,
1605 3505 1935 3556 sacerdotnm
1969 3514 2169 3561 servos,
2195 3496 2459 3560 ingenicu-

1396 3582 1507 3631 lato
1533 3582 1703 3630 vinum
1725 3577 2037 3637 infunditur,
2056 3588 2265 3639 nempe,
2291 3578 2350 3622 nt
2372 3584 2463 3635 op·

1400 3657 1527 3707 time
1559 3655 1809 3717 Scaliger,
1831 3653 1965 3702 utin
1989 3666 2108 3701 euin
2139 3650 2306 3700 omnis
2341 3647 2461 3702 reli·

1399 3733 1483 3795 gio
1504 3736 1778 3780 contracta
1797 3734 2043 3778 verteret.
2096 3727 2300 3790 Religio
2322 3725 2463 3775 enim

1399 3811 1674 3858 contracta
1715 3805 2025 3870 intelligitur
2064 3819 2133 3854 ex
2180 3799 2462 3856 obsecrati·

1397 3895 1517 3945 one,
1539 3888 1861 3947 quapropter
1892 3894 1998 3931 non
2036 3881 2188 3931 aliter
2229 3890 2464 3932 resecra-

1397 3957 1574 4021 batnr,
1605 3956 1659 4007 id
1681 3964 1781 4013 est,
1802 3969 1951 4006 sacro
1975 3963 2066 4006 ant
2089 3954 2340 4019 religione
2364 3949 2465 4002 sol·

1399 4034 1621 4086 vebatnr
1650 4033 2001 4096 magistratus,
2030 4045 2183 4097 quam
2218 4029 2262 4079 si
2288 4028 2465 4091 piacu-

1405 4112 1512 4161 lum
1536 4115 1819 4161 contractae
1842 4107 2103 4172 religionis
2135 4106 2188 4155 in
2210 4104 2286 4155 rei
2304 4107 2465 4168 caput

260 4193 519 4258 religione
562 4193 801 4242 solveret.
888 4192 1027 4244 Quin
1062 4193 1239 4253 etiam,
1283 4190 1328 4240 si
1407 4194 1652 4239 verteret.
1686 4188 1815 4239 Dae.

266 4271 383 4336 quis
418 4270 567 4321 Deos
601 4274 824 4320 testatus
862 4277 997 4320 esset
1031 4283 1088 4321 se
1131 4267 1325 4333 aliquid

1470 4272 1489 4298 ⁸
1526 4299 1539 4315 .
1575 4297 1592 4316 .
1627 4298 1642 4316 .
1677 4298 1692 4315 .
1729 4270 1784 4314 at
1789 4293 1995 4314 .....
2027 4258 2052 4325 ]
2087 4262 2215 4320 Ista,
2232 4255 2464 4326 quamvis
