3020 4853
421 277 511 346 24
1149 288 1228 336 u.
1274 284 1539 335 vunnu
1567 279 1857 333 ‘ruem

509 439 891 507 Turrlieuos
918 434 1241 501 Etruscos
1271 431 1604 518 appellari
1631 428 1873 495 solitos
1906 426 2000 492 ait
2029 424 2330 501 Verrius,
2362 445 2405 490 a
2433 422 2603 491 Tur-

430 545 627 611 rheno
656 543 827 607 duce
858 538 1216 625 Lydorum,
1238 540 1360 602 διο.

451 681 461 691 ·
516 647 879 714 Vacetram
908 642 1183 708 Verrius
1223 650 1296 709 et
1331 640 1449 707 alii
1479 637 1853 724 complures
1884 638 2107 703 vocari
2149 637 2379 703 dicunt
2415 633 2611 717 stipi-

432 761 590 831 tem,
624 752 709 816 ad
741 769 938 835 quem
969 766 1182 831 equos
1210 745 1514 811 solebant
1550 743 1847 826 religare.

517 855 786 932 Vineae,
816 857 890 931 ut
922 848 1198 915 Verrius
1229 844 1775 933 praecipit‚-quod
1798 845 1935 911 viui
1965 844 2223 910 feraces
2257 844 2413 923 sint,
2438 845 2558 908 stc.

683 1347 810 1422 M.
883 1343 1254 1422 VERRII
1342 1340 1723 1419 FLACCI
1803 1335 2382 1417 EPISTULAE·

530 1542 712 1611 ΝΛΜ
761 1544 992 1608 ciebro
1037 1544 1105 1607 in
1162 1524 1452 1626 antiquis
1488 1538 1893 1605 lectionibus
1939 1534 2287 1612 invenitur,
2340 1526 2517 1594 sicut
2559 1520 2629 1585 in

443 1646 757 1731 epistulis
788 1646 1028 1729 probat
1049 1643 1328 1709 Verrius
1360 1645 1653 1709 Flaccus
1684 1640 2041 1726 exemplis,
2073 1636 2498 1708 auctoritate,
2524 1645 2635 1690 ra·

446 1751 628 1816 tione
652 1748 885 1831 dicens
916 1748 983 1819 in
1021 1748 1353 1815 adverbiis
1400 1768 1522 1833 pro
1552 1745 1645 1827 V,
1677 1745 1737 1810 Ο
1771 1747 2161 1831 plerumque
2190 1739 2482 1824 majores
2511 1753 2638 1822 po·

444 1873 598 1921 nere
644 1860 1037 1932 consuetos,
1086 1862 1155 1919 et
1199 1853 1297 1920 sic
1327 1872 1451 1938 pro
1486 1849 1660 1930 Huc,
1695 1848 1859 1930 Hoc,
1887 1847 2169 1915 Veteres
2199 1843 2424 1929 dicere
2455 1840 2650 1911 sole-ff

447 1956 630 2036 bant,
652 1959 823 2022 sicut
849 1977 969 2042 pro
999 1954 1173 2036 illuc,
1204 1954 1346 2021 illoc
1378 1957 1712 2048 dicimus.¹⁵

715 2430 843 2505 M.
929 2429 1302 2507 VERRII
1386 2426 1769 2504 FLACCI
1851 2422 2401 2502 CARMINA.

829 2657 1286 2747 Blandilusque
1314 2657 1496 2730 labor
1520 2656 1692 2722 molli
1723 2656 2044 2743 curabitur
2071 2664 2257 2721 arte.⁸

933 2861 1365 2929 mcssRTA
1408 2827 1764 2930 vERRn
1819 2859 2188 2928 FLAccl.

550 3027 1045 3104 SAEvrmAQUss
1074 3047 1307 3093 eorum
1330 3028 1820 3094 abominaretur
1847 3027 1936 3092 ab
1963 3023 2399 3093 hominibus?

549 3128 852 3195 Festinat
901 3150 945 3197 a
989 3131 1194 3196 fando
1241 3130 1484 3198 dicitur
1517 3153 1532 3194 ε
1579 3132 1897 3216 quoniam
1943 3131 2051 3195 isti
2091 3129 2489 3214 ignaviores,
2539 3129 2658 3215 qui

460 3231 630 3297 nihil
659 3232 975 3317 perficere
1004 3241 1312 3317 possunt,
1341 3236 1499 3320 plus
1525 3236 1903 3314 verborum,
1926 3252 2127 3319 quam
2146 3252 2371 3320 operae
2393 3233 2658 3299 habent·

466 3336 602 3404 Sed
628 3336 698 3403 id
730 3337 926 3402 nimis
955 3345 1291 3418 coactum,
1316 3345 1517 3424 atque
1543 3337 1919 3406 absurdum
1942 3337 2228 3418 videtur,
2256 3337 2469 3424 inquit
2497 3336 2662 3404 Gel-

467 3439 649 3505 lius.⁰
1252 3445 1255 3448 '

555 3542 777 3629 Caper
802 3545 1093 3611 ostendit
1118 3545 1202 3611 do
1232 3545 1457 3611 dubiis
1479 3547 1826 3630 generibus
1854 3544 2163 3612 Verrium
2190 3546 2508 3614 Flaccum
2542 3566 2664 3632 po-

474 3647 688 3734 suisse
717 3650 972 3716 alecem
1006 3649 1178 3716 hanc
1207 3645 1496 3716 diceus.‘¹

556 3750 825 3820 Alicam
869 3754 1015 3819 sine
1055 3755 1469 3839 aspiratione
1526 3754 1776 3822 dictam
1826 3753 2106 3820 Verrius
2159 3753 2388 3833 tradit,
2443 3759 2511 3820 et
2561 3752 2665 3822 sic

471 3855 667 3922 multi
698 3856 1057 3923 dixerunt.0
2491 3855 2494 3860 ⁴

537 4017 558 4042 ¹
593 4009 668 4058 Ex
692 4008 870 4059 Servio
890 4009 979 4060 lib.
1005 4023 1131 4061 vm.
1158 4011 1269 4062 AEn.
1676 4018 1698 4045 ⁶
1732 4012 1810 4061 Ex

504 4109 508 4118 ·
537 4091 562 4119 ⁸
600 4085 676 4135 Ex
702 4086 867 4137 Prisc.
892 4085 979 4136 lib.
1006 4100 1131 4137 vm.
1675 4087 1700 4122 ‘¹
1734 4088 1812 4138 Ex

538 4162 560 4198 θ
595 4163 673 4213 Ex
696 4163 860 4215 Prisc.
887 4164 973 4214 lib.
999 4178 1124 4215 vm.
1677 4173 1699 4200 ⁸
1735 4167 1813 4218 Ex

1836 4010 1972 4061 Gen.
1992 4008 2083 4062 nb.
2110 4022 2233 4062 xvr.
2256 4023 2368 4076 cap.
2394 4011 2474 4065 14.

1837 4087 2006 4139 Prisc.
2033 4086 2119 4137 lib.
2142 4100 2220 4137 vr.

1839 4165 2041 4218 Charis.
2066 4165 2157 4216 lib.
2181 4178 2220 4217 1.
