3020 4853
457 404 555 451 ns
603 400 1016 452 vsnsoaum
1068 399 1692 452 smmchmoNs
1743 404 1886 453 ms.
1937 404 2099 456 xiv,
2235 391 2366 459 609

288 550 523 626 oleum,
548 548 768 632 pisces
798 551 1038 633 quibus
1070 556 1174 614 est
1203 568 1553 633 squamma
1579 554 1816 634 praeter
1844 560 2162 617 scarum&
2192 552 2364 620 Her-

285 652 414 716 culi
442 658 664 715 autem
695 653 919 716 omnia
948 651 1312 736 esculenta,
1339 652 1719 735 poculenta.

207 753 514 831 Polteio:
544 772 662 837 pro
692 753 1023 819 ulteriore.

208 856 526 923 Pomonal
543 853 571 892 ¹³
597 860 703 921 est
724 857 794 920 in
826 876 981 938 agro
1012 856 1288 922 Solonio
1318 857 1432 923 via
1461 858 1755 924 Ostiensi
1784 859 1873 925 ad
1900 859 2366 929 duodecimum

283 959 573 1043 lapidem
607 959 1003 1024 diverticulo
1020 966 1044 1007 ⁵
1074 977 1118 1023 a
1144 959 1431 1025 miliario
1457 967 1723 1027 octavo.

202 1060 380 1125 Pone
397 1068 420 1096 ⁶
448 1061 633 1144 gravi
659 1079 825 1125 sono
854 1061 1108 1146 antiqui
1128 1062 1485 1128 utebantur
1503 1082 1629 1147 pro
1658 1064 1791 1130 loci
1808 1063 1838 1106 ⁶
1859 1065 2367 1150 significatione:

283 1163 401 1228 sed
444 1160 886 1248 praejicientes
930 1167 1210 1230 vocabu.
1687 1160 1691 1163 ’

197 1366 384 1432 Pone
417 1368 599 1450 gravi
631 1386 796 1432 sono
826 1368 1096 1452 ponitur
1120 1388 1243 1453 pro
1275 1370 1406 1435 loci
1439 1370 1940 1454 significatione.
2096 1374 2366 1457 [Pauo.

198 1467 477 1534 Pontina
499 1469 525 1507 ‘¹
573 1467 770 1534 tribus
815 1491 854 1532 α
897 1468 1140 1536 Pontia
1161 1469 1500 1552 urbedt'cta
1532 1493 1573 1535 a
1611 1495 1736 1558 qua
1765 1484 1823 1538 et
1858 1471 2044 1558 palus
2116 1469 2369 1560 [Fas-w.

273 1593 511 1658 quoque
541 1568 826 1638 Pontina
844 1580 870 1622 ⁷
900 1572 1218 1657 appellata
1250 1584 1336 1637 est
1355 1573 1543 1657 juxta
1578 1571 1996 1640 Terracenam.

193 1676 491 1760 Popillia
529 1673 728 1740 tribus
768 1695 897 1739 una
949 1676 1217 1763 quinque
1257 1686 1329 1741 εἴ
1368 1676 1632 1764 triginta
1682 1678 1996 1758 mimum,
2043 1685 2147 1743 tot
2196 1680 2371 1745 enim

272 1777 561 1862 fuerunt,
591 1800 631 1840 α
667 1774 962 1863 Popillia
984 1777 1266 1865 soeminae
1297 1777 1496 1862 felici
1538 1781 1800 1846 nomine
1844 1779 2182 1865 appellata,
2222 1803 2370 1867 quo-

272 1879 456 1945 modo
487 1879 684 1944 tribus
709 1901 944 1967 quoque
974 1882 1242 1948 Pinaria
1270 1902 1314 1947 a
1348 1901 1568 1949 sorore
1600 1880 1863 1947 Pinarii
1901 1881 2091 1961 dicta,
2134 1882 2258 1947 sive
2287 1880 2369 1946 ab

276 2004 408 2068 ejus
436 2003 707 2050 nomme.

192 2085 535 2171 Popillia⁶
563 2085 774 2151 tribus
804 2105 848 2151 a
876 2085 1315 2170 progenitrice
1347 2085 1553 2153 traxit
1583 2088 2001 2155 vocabulum.
2097 2089 2368 2172 [PAUL.
2435 2134 2445 2139 -

186 2466 443 2584 N⁴tE²d'
470 2463 556 2519 ed.
572 2428 905 2533 summumne—⁵⁸
927 2465 1159 2518 venus.
1179 2466 1629 2519 aneriacum-s
1652 2467 1774 2520 vet.
1790 2467 1905 2519 cod.
1922 2469 2215 2532 pralon-⁷
2242 2471 2372 2523 vido

246 2550 277 2585 0
307 2547 385 2584 88.

1183 2692 1397 2748 ΝΟΤῙΕ

248 2850 273 2877 ²
308 2841 533 2905 Poueto]
568 2842 762 2893 Forsan
796 2858 826 2894 e
863 2842 1112 2895 Saliorum
1143 2857 1254 2893 car·
1398 2844 1423 2879 <¹
1456 2845 1691 2909 Pontium]
1723 2842 1900 2893 Infra:
1935 2841 2146 2893 Pontem
2170 2841 2318 2891 tribus
2349 2857 2378 2889 α

179 2919 434 2970 minibus.
474 2919 624 2971 Idem.
809 2924 817 2933 '
1328 2914 1514 2971 'Pontia
1529 2921 1639 2970 urbe
1659 2921 1787 2970 dicta
1805 2927 1892 2971 est.
1924 2937 1955 2970 α
1976 2934 2068 2985 qun
2101 2924 2148 2968 et
2171 2918 2380 2968 Pontiae

246 2994 272 3031 δ
306 2995 576 3059 Pomonael]
596 2996 745 3045 Inter
767 2995 947 3046 ostiam
964 3003 1020 3047 et
1043 2997 1257 3047 Romam
1331 2999 1486 3062 palus.
1520 2997 1632 3048 Jos.
1652 2997 1786 3048 Scal.

172 3072 459 3124 Solonium
481 3072 732 3136 praedium
750 3073 971 3123 collocat
986 3074 1256 3124 Plutarch.
1401 3075 1612 3125 Pontius
1635 3072 1806 3136 tribus]
1837 3073 2073 3137 Sigonius
2108 3071 2383 3135 legendum

175 3149 230 3198 iu
254 3149 468 3199 Mario.
538 3148 713 3198 Livius
737 3149 891 3199 etiam
911 3150 1000 3200 lib.
1025 3164 1152 3200 vm.
1174 3150 1254 3201 Id.
1338 3149 1573 3216 putabat,
1607 3150 1864 3213 Pomptina
1913 3150 2062 3199 tribus
2099 3165 2130 3198 u
2165 3148 2383 3198 Pometia

244 3232 269 3260 θ
302 3224 476 3289 Pone]
510 3225 646 3275 Pone
683 3241 797 3276 eum
840 3227 981 3291 gravi
1013 3227 1157 3290 virg.
1192 3242 1253 3279 u.
1334 3225 1448 3275 urbe
1487 3242 1520 3274 α
1560 3240 1651 3288 qua
1687 3231 1735 3274 et
1778 3225 2034 3288 Pomptina
2065 3226 2237 3288 palus.-
2289 3222 2383 3273 sed

172 3300 298 3351 AEn.
332 3302 352 3330 ‘
381 3315 517 3366 pars
540 3309 719 3350 cetera
755 3309 966 3366 pontum
1003 3303 1147 3351 Pone
1181 3303 1255 3352 le·
1334 3299 1543 3351 frustra.
1611 3301 1823 3350 Pontiae
1845 3302 2027 3350 enims
2047 3300 2226 3349 Pontia
2257 3299 2383 3349 urbe

173 3375 295 3442 git!
366 3375 598 3439 ‘Pone,'
634 3376 825 3442 (inquit
845 3377 1082 3441 Servius)
1105 3379 1121 3406 ⁴
1141 3385 1258 3442 post
1333 3374 1637 3427 Volscorurn
1661 3390 1823 3442 prope
1837 3377 2160 3426 Terracinas.
2194 3377 2320 3425 Duc.

169 3467 399 3520 semper
455 3452 515 3501 in
566 3451 696 3508 loeo,
743 3467 995 3517 nunquam
1038 3453 1090 3501 in
1134 3461 1260 3504 tem·
1394 3452 1739 3517 ‘Popilliajsi
1763 3459 1968 3503 extaret
1989 3452 2235 3502 Varronis
2255 3451 2389 3501 liber

172 3529 357 3595 pore!
394 3538 403 3545 ’
436 3528 594 3578 Idem
638 3528 711 3576 ad·
745 3527 871 3577 illud
909 3527 1134 3592 ejusdem
1171 3530 1258 3580 lib.
1337 3530 1402 3581 de
1425 3530 1677 3593 tribubus,
1696 3544 1793 3579 non
1816 3528 2220 3578 desideraremus
2244 3527 2387 3575 Festi

169 3608 187 3636 ‘
205 3608 368 3658 Pone
388 3604 544 3655 subit
565 3603 785 3667 conjux-³
838 3602 855 3633 ‘
876 3603 1057 3667 Pone,’
1079 3605 1262 3669 inquit,
1335 3606 1809 3671 interpretationem
1837 3621 1848 3651 ε
1898 3619 2033 3654 nunc
2089 3604 2212 3668 quid
2269 3603 2385 3651 reli-

169 3685 191 3711 ⁸
215 3691 345 3747 post
365 3701 380 3732 ε
424 3680 530 3732 sed
558 3680 670 3730 loco
693 3682 908 3745 tantum,
933 3695 1030 3730 non
1056 3690 1109 3730 et
1134 3688 1260 3731 tem·
1343 3696 1493 3747 quum
1521 3688 1597 3729 est
1618 3682 1637 3727 ?
1667 3696 1695 3728 ιι
1714 3680 2046 3743 ρνοςεπίενίεε,
2064 3680 2228 3743 inquit
2251 3681 2388 3728 Pau·

170 3761 297 3826 pori
344 3758 688 3823 adjungitur,
724 3764 778 3807 et
821 3766 902 3808 est
944 3758 1263 3821 adverbium,
1339 3756 1615 3818 lus,traxit
1643 3756 1945 3813 vot-abutum,-
1978 3770 2042 3805 an
2076 3761 2189 3804 tota
2222 3753 2388 3805 tribus

168 3847 343 3905 atque
379 3836 532 3887 adeo
564 3835 742 3885 ultima
773 3834 969 3897 syllaba
1001 3834 1158 3884 babet
1180 3849 1263 3884 ae·
1341 3834 1614 3898 progenita
1636 3839 1717 3881 est
1741 3831 1802 3881 ab
1826 3833 1995 3895 aliqua
2009 3830 2260 3896 Popillia?
2291 3832 2387 3881 hoc

172 3911 447 3965 eentum!
541 3911 671 3962 Quae
728 3910 1071 3976 sequebantur
1125 3910 1264 3974 apud
1342 3913 1464 3962 mihi
1499 3925 1599 3960 non
1634 3910 1696 3960 fit
1733 3909 2042 3960 verisimile:
2078 3909 2321 3959 libentius
2358 3924 2389 3958 a

171 3991 414 4041 Festum
444 3987 685 4037 divinare
703 4001 802 4036 non
821 4002 1041 4051 possum.
1078 3986 1266 4037 Aiebat
1343 3986 1534 4036 familia
1573 3986 1787 4036 dixerim
1825 3986 2137 4050 appellatam
2168 3985 2388 4048 tribum;

167 4067 387 4123 forsan,
432 4076 588 4128 pone,
626 4077 742 4112 eum
777 4062 1021 4112 vocabulo
1063 4062 1264 4113 cuidam
1345 4063 1428 4113 vel
1452 4062 1694 4112 familiam
1718 4062 1889 4126 potius
1911 4061 2114 4112 atribu.
2169 4063 2249 4112 Ex
2273 4063 2393 4112 Fes-

170 4136 808 4206 postponebant-‚fuisse
825 4136 1121 4191 adverbium
1137 4147 1267 4189 tem·
1348 4142 1387 4190 ti
1428 4141 1655 4204 vestigiis
1688 4139 1809 4205 qnid
1833 4140 2179 4205 assequimur?
2214 4140 2391 4204 Popil-

174 4222 349 4288 poris.
396 4219 570 4269 Idem.
1349 4214 1469 4264 liam
1492 4229 1640 4267 unam
1662 4213 1818 4266 fuisse
1839 4230 1903 4265 ex
1925 4219 2005 4265 35.
2041 4222 2120 4266 tot
2148 4216 2282 4265 enim
2313 4214 2392 4264 fn-

321 4299 530 4366 Delph.
550 4300 599 4348 et
615 4296 731 4350 Var-
749 4295 881 4348 Cius.
1152 4294 1318 4359 Pomp.
1342 4296 1476 4346 Fest-
2150 4299 2182 4344 2
2215 4295 2263 4347 Q
