3020 4853
323 815 713 936 SEX.
821 821 1662 941 POMPEII
1769 820 2362 940 PESTI-

1265 1114 1361 1159 DE

238 1322 1058 1420 VERBORUM
1139 1325 2401 1427 SIGNIFICATIONE

991 1604 1320 1696 LIBER
1402 1605 1642 1680 XIII.

240 2030 410 2124 On·
451 2065 849 2148 praepositio
882 2064 1048 2129 alias
1082 2066 1351 2149 ponitur
1380 2086 1504 2151 pro
1538 2064 1805 2142 circum,
1836 2071 1912 2131 ut
1943 2086 2096 2131 cum
2144 2062 2417 2149 [ΡΛυι.

317 2165 605 2231 dicimus
634 2169 854 2233 urbem
885 2168 1202 2246 obsideri,
1230 2168 1591 2252 obsignari,
1620 2169 1979 2234 obvallari:
2021 2169 2191 2235 alias
2222 2167 2415 2252 poni-

318 2273 420 2331 tur
462 2269 533 2333 in
569 2270 780 2334 vicem
810 2271 1327 2355 praepositioniS,
1372 2291 1523 2354 quoe
1556 2277 1659 2335 est
1690 2276 1984 2354 propter,
2033 2279 2110 2335 ut
2140 2270 2249 2335 Ob
2280 2289 2417 2334 me-

318 2369 467 2447 rita,
501 2372 591 2436 ob
620 2380 974 2457 superatos
1003 2373 1275 2439 hostes:
1318 2372 1488 2438 unde
1521 2371 1813 2453 obsideS,
1845 2394 1967 2458 pro
2001 2367 2274 2451 obfideS,
2301 2372 2418 2456 qui

321 2476 408 2539 ob
435 2474 634 2539 fidem
681 2478 914 2560 patriae
961 2477 1408 2562 praestandam
1455 2477 1734 2542 dantur:
1778 2476 1946 2541 alias
1991 2496 2113 2561 pro
2164 2474 2251 2540 ad
2297 2494 2418 2559 po·

318 2577 519 2657 nitur,
550 2585 623 2643 ut
654 2579 947 2646 Ennius:
995 2579 1101 2644 Ob
1134 2579 1417 2645 Romam
1445 2584 1649 2643 noctu
1681 2578 1981 2661 legiones
2012 2579 2252 2644 ducere
2280 2596 2421 2640 coe-

317 2682 459 2764 pit:
509 2690 581 2745 et
610 2681 768 2746 alibi
791 2690 809 2720 ¹
860 2684 944 2747 ob
974 2682 1247 2768 Trojam
1285 2683 1479 2748 duxit
1510 2684 1910 2748 exercitum.

240 2780 345 2846 Ob
399 2784 795 2867 praepositio
841 2784 1011 2849 alias
1054 2787 1321 2870 ponitur
1364 2806 1484 2870 pro
1530 2786 1801 2865 circum,
1847 2793 1926 2849 ut
1969 2804 2121 2849 cum
2172 2781 2420 2867 [Fsss‘r.

321 2884 611 2950 dicimus
641 2886 866 2949 urbem
899 2886 1215 2967 obsideri,
1248 2888 1609 2971 obsignari,
1643 2888 1990 2952 obvallari.
2080 2883 2275 2950 Alias
2304 2903 2423 2969 po·

315 2988 499 3053 nitur
532 2987 597 3051 in
629 2987 833 3052 vicem
864 2990 1359 3074 praepositionis
1391 3010 1545 3074 quae
1577 2998 1684 3055 est
1718 2998 2004 3075 propter,
2052 2996 2128 3054 ut
2168 2990 2257 3053 ob
2290 3007 2425 3052 me-

1149 3172 1205 3192 u
1212 3171 1446 3194 ‘'lul“
1454 3174 1507 3193 OC

302 3291 324 3337 1
363 3287 425 3336 In
453 3287 541 3336 ed.
565 3287 703 3336 Scal.
728 3288 997 3354 sequentia
1021 3290 1094 3340 ita
1118 3289 1404 3342 habentur:

497 3352 514 3380 ‘
540 3361 594 3402 et
620 3353 737 3403 alibi
964 3391 977 3405 .
1173 3392 1186 3407 .
1380 3392 1395 3407 .
1596 3392 1609 3406 .
1807 3354 1978 3405 onitur

238 3415 301 3466 ob
322 3417 539 3485 Trojam
564 3417 714 3467 duxit
961 3450 975 3465 .
1174 3457 1187 3471 .
1384 3454 1397 3469 .
1594 3456 1609 3471 .
1808 3456 1822 3470 .

552 3517 567 3534 .
669 3482 890 3551 obsideri
914 3484 983 3534 ob
1174 3519 1188 3534 .
1387 3522 1399 3536 .
1597 3522 1612 3537 .
1811 3518 1825 3533 .
2118 3481 2363 3548 [Funus.

1116 3818 1134 3861 t

1229 3969 1276 4020 N
1285 3968 1440 4020 01·AE

304 4092 327 4118 ⁸
372 4083 477 4147 Οὸ]
519 4084 561 4136 Α
597 4084 785 4135 Graeco
820 4084 915 4148 ἐπὶ,
948 4088 1095 4151 cnjus
1127 4102 1188 4136 ea
1224 4088 1300 4137 vin
1384 4086 1502 4152 qnia
1522 4079 1795 4134 obsidionis
1830 4079 2091 4131 solvenda
2119 4083 2288 4147 gratia
2321 4081 2437 4132 dati

243 4171 344 4222 est,
361 4163 583 4215 circum,
604 4170 842 4226 propter,
862 4163 945 4220 ad,
963 4167 1062 4215 διο.
1104 4166 1303 4215 Obsides
1384 4170 1523 4213 aunt.
1590 4161 1787 4210 Versus
1819 4159 1970 4209 Ennii
1993 4168 2071 4208 est
2095 4176 2158 4209 ex
2184 4174 2303 4210 vm.
2327 4160 2438 4209 An·

244 4248 422 4289 antem
442 4254 549 4288 non
568 4239 712 4304 quasi
732 4239 935 4304 obfides.-
969 4240 1062 4290 sed
1085 4243 1203 4306 quia
1224 4244 1298 4305 ip·
1383 4240 1486 4290 nal.
1530 4237 1597 4288 do
1631 4234 1909 4298 Annibale,
1945 4236 2030 4300 qui
2079 4251 2109 4286 a
2150 4236 2434 4287 Tarentino

243 4315 287 4362 si
330 4313 640 4365 obsidemur
682 4323 737 4365 et
792 4316 1167 4380 custodiuntur,
1219 4320 1301 4369 vel
1384 4333 1506 4383 agro
1532 4323 1687 4368 noctu
1710 4315 1887 4366 urbem
1911 4314 2078 4380 petiit.
2112 4314 2234 4364 Dae.
