3020 4853
573 360 704 428 280

1236 375 1463 424 sEx'rt
1515 375 1661 424 Post
1673 374 1820 424 9131!
1872 372 2074 425 FBS'U

578 480 859 606 Fulgore
881 530 921 556 ¹¹²
965 522 1169 608 prisci
1217 540 1336 606 pro
1383 521 1576 587 ferire
1622 519 1958 599 dicebant,
2000 516 2172 583 unde
2220 516 2445 600 fulgur
2499 516 2750 585 dictum

661 634 781 692 est.

577 728 981 810 Fulguritum
1005 735 1032 763 ¹¹
1075 727 1168 805 id,
1208 726 1389 812 quod
1416 734 1525 790 est
1560 725 1828 790 fulmine
1857 724 2101 791 ictum:
2144 723 2259 808 qui
2288 723 2485 789 locus
2517 725 2752 789 statim

661 831 797 896 fieri
841 833 1197 916 putabatur
1228 830 1599 914 religiosuS,
1647 827 1831 913 quod
1874 848 2027 892 eum
2072 828 2266 893 Deus
2305 827 2437 892 sibi
2489 827 2756 893 dicasse

660 935 1005 1000 videtum?

578 1037 855 1103 Fulmen
875 1045 902 1073 ⁰
944 1037 1191 1104 dictum
1222 1056 1265 1101 a
1293 1035 1496 1101 fluore
1523 1042 1569 1074 ¹¹
1622 1034 1931 1100 flammae.

579 1140 853 1206 Fundus
875 1149 903 1191 P
947 1141 1189 1206 dicitur
1240 1160 1415 1223 ager,
1457 1139 1638 1225 quod
1698 1138 1941 1223 planus
1991 1139 2083 1202 sit
2128 1136 2215 1203 ad
2255 1136 2761 1204 similitudinem

660 1244 851 1311 fundi
884 1265 1212 1312 vasorum.
1306 1242 1583 1310 Fundus
1622 1262 1885 1328 quoque
1932 1242 2221 1309 dicil:ur‘¹
2265 1241 2567 1326 populus
2612 1260 2763 1306 esse

662 1348 779 1428 rei,
808 1368 1015 1445 quam·
1039 1348 1306 1428 alienat,
1335 1348 1463 1412 hoc
1500 1353 1629 1425 est,
1660 1352 1915 1411 auctor.

1487 1529 1635 1553 ‘eeu
1641 1528 1848 1551 meno

644 1635 706 1681 lo
741 1631 836 1683 Ed.
859 1634 995 1685 Scel.
1024 1636 1404 1686 videntum—ll
1441 1636 1661 1687 Quidam
1685 1634 2031 1697 libb.sulvore.
2049 1634 2172 1685 vot.
2193 1630 2534 1696 coddtlgore.

1558 1822 1606 1872 N
1613 1822 1772 1876 01·AE

543 1990 544 1993 ,
642 1954 676 1979 ¹¹·
711 1946 942 2013 Fugere]
999 1951 1200 2003 Falsum
1239 1953 1342 2003 erit
1377 1938 1515 2018 qnod
1553 1953 1627 2005 ait

578 2023 783 2086 Festus,
805 2027 901 2075 nisi
915 2028 1071 2087 sevire
1095 2030 1351 2095 intelligas
1375 2030 1440 2080 de
1463 2028 1629 2097 fulgo·

579 2116 635 2151 re
658 2107 714 2151 et
734 2106 1118 2157 coruscatione:
1145 2107 1332 2172 Fulgin·
1349 2112 1483 2162 enim
1512 2124 1629 2175 pro·

580 2178 693 2240 prie
733 2187 815 2230 est
858 2182 988 2246 ignis
1031 2185 1141 2235 sive
1185 2191 1469 2239 coruscatio
1512 2204 1628 2240 cum

577 2253 792 2308 fulmine
806 2260 1057 2324 emicans3
1078 2262 1261 2323 fulmen
1282 2267 1436 2316 telum
1456 2267 1625 2330 ipsum

577 2332 715 2397 quod
740 2335 980 2390 mittitur.
1046 2340 1158 2391 Etsi
1181 2348 1362 2406 postea
1382 2341 1626 2408 frequen-

577 2413 658 2458 ter
677 2411 857 2476 salgu-
877 2431 970 2480 pro
992 2415 1228 2481 fulmine,
1260 2426 1317 2471 ut
1358 2418 1495 2471 infra
1522 2421 1626 2483 ful-

573 2489 791 2550 guritum
813 2492 949 2558 quod
968 2493 1189 2559 fulgure,
1211 2496 1262 2547 id
1291 2506 1387 2557 est,
1412 2497 1626 2551 fulmine

578 2565 738 2616 citum
760 2577 855 2620 est.
888 2571 1012 2623 Duc.

641 2650 665 2675 ¹²
699 2645 1031 2712 fulguritum]
1075 2650 1271 2701 ‘Locus
1313 2651 1626 2718 fulguritns‚'

577 2719 722 2771 τόπος
741 2727 1070 2790 κεραυνοπλὴξ,
1089 2730 1173 2792 qui
1191 2730 1399 2781 bidental
1414 2732 1625 2784 dicitur.

578 2798 714 2849 Vide
737 2802 752 2829 ‘
775 2799 1040 2855 bidental.’
1075 2801 1224 2856 [din.

641 2883 665 2908 ⁰
700 2877 916 2943 Fulmen]
961 2881 1125 2930 Immo
1161 2899 1192 2933 a
1219 2884 1435 2948 fulgore,
1470 2890 1530 2934 ut
1573 2885 1624 2936 in

581 2962 687 3004 vet.
707 2956 823 3005 cod.
849 2958 1036 3020 probat
1059 2960 1227 3011 Varro
1258 2961 1350 3013 lib.
1374 2977 1452 3013 iv.
1476 2963 1543 3013 de
1567 2965 1627 3014 L.

580 3030 640 3079 L.
707 3031 841 3081 Nam
877 3035 977 3084 etsi
1014 3036 1147 3099 ignis
1185 3040 1390 3104 proprie
1421 3055 1628 3092 manare

581 3105 782 3157 dicatur
805 3117 862 3159 et
912 3108 1092 3169 fluere,
1136 3123 1194 3165 ut
1238 3116 1375 3180 apud
1418 3118 1629 3167 anret.

581 3185 597 3209 ⁸
617 3183 782 3234 Quam
808 3195 987 3238 noster
1008 3186 1136 3242 fluat
1159 3207 1188 3241 e
1216 3195 1347 3243 tedis
1372 3197 1631 3245 terrestri-

548 3258 675 3328 ‚bus
720 3268 861 3311 ortus
887 3263 932 3324 ς’
978 3274 1033 3316 et
1072 3268 1371 3319 Callimaclt.
1404 3270 1542 3336 hym.
1579 3274 1629 3322 in

581 3335 739 3386 Dian.
771 3339 831 3389 τό
852 3340 913 3403 ῥα
933 3342 1108 3407 *arpos
1128 3344 1449 3409 ἀποστάζουσι
1468 3367 1631 3414 κεραυ-

578 3410 699 3475 νοί;’
726 3414 742 3442 ‘
762 3430 912 3481 quam
947 3423 1167 3488 (lucem)
1190 3428 1350 3487 patris
1380 3427 1632 3478 distillant

578 3487 791 3543 fulmina
809 3511 824 3560 ς
843 3494 855 3514 ’
890 3511 920 3545 a
938 3497 1095 3562 fluore
1118 3508 1289 3553 tamen
1313 3518 1428 3554 esse
1451 3507 1634 3570 nequit

579 3564 793 3633 fulmen,
817 3574 915 3624 nisi
942 3580 1270 3643 transpositis
1301 3582 1465 3631 literis
1486 3585 1634 3649 quasi

569 3645 787 3711 fluimus.
852 3653 1005 3704 Quod
1031 3655 1260 3721 ineptum
1285 3671 1384 3709 est.
1419 3661 1569 3711 Idem.

644 3732 670 3767 Ρ
706 3727 928 3796 Fundus]
984 3733 1169 3784 Cicero
1211 3751 1304 3800 pro
1347 3739 1515 3790 Balbo
1561 3742 1633 3790 ita

579 3801 693 3856 fieri
741 3810 983 3872 populum
1022 3810 1236 3864 fundum
1282 3817 1464 3868 scribit
1487 3836 1502 3869 ε
1557 3825 1573 3849 ⁸
1593 3821 1636 3870 si

581 3896 695 3933 cum
723 3886 969 3949 jussisset
996 3893 1213 3954 populus
1244 3893 1395 3944 Rom.
1426 3896 1638 3961 aliquid,

582 3961 625 4009 si
651 3961 703 4011 id
727 3963 1067 4017 adscivissent
1086 3969 1210 4019 socii
1234 3972 1435 4034 populi,
1453 3988 1515 4023 ac
1543 3975 1636 4024 La-

584 4039 714 4100 tini;
765 4050 820 4092 et
842 4044 884 4091 si
914 4058 974 4094 ea
1002 4045 1104 4110 lex,
1125 4062 1274 4110 quam
1309 4064 1398 4099 nos
1420 4051 1636 4102 habere·

584 4132 711 4174 mus,
755 4117 935 4169 eadem
969 4121 1022 4171 in
1064 4123 1254 4187 populo
1287 4128 1461 4191 aliquo
1505 4135 1634 4180 tam-

583 4210 732 4260 quam
757 4196 806 4245 in
831 4195 989 4249 fundo
1014 4192 1382 4266 resedisset,nt
1395 4214 1498 4256 tum
1518 4208 1634 4273 lege

585 4272 763 4322 eadem
784 4275 826 4323 is
849 4277 1065 4340 populus
1097 4282 1400 4331 teneretur!
1464 4285 1636 4348 Signi-

1707 1951 1866 2002 ficsre
1899 1956 2072 2001 autem
2110 1953 2373 1998 auctorem
2406 1958 2471 1996 ex
2505 1942 2772 1995 sententis

1707 2028 2024 2079 accusatoris
2049 2025 2197 2076 Balbi
2227 2022 2555 2075 crediderim.
2620 2023 2637 2050 ‘
2659 2021 2772 2072 Ne-

1707 2105 1833 2170 gat,'
1879 2104 2068 2170 lnquit,
2111 2105 2214 2152 ‘ex
2256 2100 2516 2151 foederato
2572 2099 2773 2165 populo

1709 2197 2015 2249 quemquam
2057 2180 2304 2246 potuisse,
2341 2178 2440 2228 nisi
2470 2178 2513 2227 is
2545 2177 2773 2242 populus

1710 2258 1899 2309 fundus
1937 2257 2107 2308 factus
2139 2264 2301 2320 esset,
2331 2256 2386 2304 in
2419 2254 2553 2305 hanc
2588 2252 2775 2303 cirita·

1707 2345 1813 2386 tem
1866 2332 2077 2385 venire!
2156 2334 2227 2384 Et
2282 2339 2493 2397 postea:
2551 2332 2567 2357 ‘
2590 2330 2775 2379 Potuit

1708 2413 1869 2478 magis
1882 2410 2072 2464 fundus
2090 2411 2308 2478 populus
2327 2407 2623 2460 Gaditanus
2642 2405 2779 2468 lieri,

1709 2493 1944 2558 quonism
1993 2491 2090 2541 hoc
2142 2501 2455 2554 magnopere
2503 2485 2776 2535 delectare

1709 2570 1886 2627 verbo,
1919 2571 1962 2620 si
1999 2577 2103 2619 tum
2139 2568 2201 2619 fit
2231 2568 2439 2630 fundus,
2482 2580 2601 2615 cum
2642 2564 2777 2614 scita

1709 2654 1926 2716 sejusss
1949 2658 2126 2704 nostra
2146 2664 2236 2701 sua
2255 2646 2517 2699 sententia
2535 2651 2778 2709 compro·

1710 2731 1819 2786 bat,
1865 2745 2013 2795 quam
2070 2744 2187 2779 cum
2246 2725 2532 2791 hospitium
2574 2721 2745 2773 fecit?
2764 2723 2778 2741 '

1709 2812 1924 2861 Plautus
1959 2809 2010 2859 in
2049 2810 2380 2859 Trinummo:
2430 2806 2621 2858 ‘Nunc
2650 2803 2775 2854 mibi

1710 2889 1753 2939 is
1780 2902 2002 2952 propere
2025 2885 2412 2938 conveniendus
2441 2891 2544 2941 est,
2568 2890 2629 2933 nt
2661 2896 2775 2947 qun

1711 2981 1826 3017 cum
1849 2966 1963 3030 ejus
1986 2966 2119 3015 Filio
2141 2964 2246 3028 egi,
2275 2963 2324 3014 ei
2359 2962 2433 3012 rei
2470 2960 2663 3010 fundus
2686 2974 2776 3023 pa·

1711 3051 1796 3094 ter
1829 3046 1900 3094 sit
1936 3044 2142 3108 potior:
2178 3041 2273 3093 eo?
2341 3040 2497 3092 Adde
2520 3039 2664 3089 Gell.
2684 3037 2777 3089 lib.

1714 3135 1832 3172 xvi.
1856 3137 1973 3185 cap.
2002 3125 2079 3172 18.
2103 3127 2158 3171 et
2179 3119 2269 3171 lib.
2290 3132 2416 3170 xix.
2438 3133 2558 3183 cap.
2582 3121 2634 3167 8.
2653 3119 2774 3167 Ast.

1776 3272 1998 3337 Fundus]
2035 3275 2077 3323 Α
2105 3273 2296 3325 Graeco
2317 3270 2475 3333 βυθὸς,
2491 3268 2643 3327 imus,
2662 3269 2773 3318 sive

1715 3354 1884 3416 potius
1913 3351 2095 3415 βένθος,
2116 3349 2474 3415 profunditas:
2511 3363 2627 3399 nam
2654 3347 2774 3408 stn-

1712 3435 1799 3482 dus
1820 3434 1984 3497 prima
2008 3434 2219 3483 notione
2248 3436 2395 3481 notat
2416 3429 2574 3479 imum
2609 3427 2771 3491 putei,

1713 3510 1875 3569 fluvii,
1896 3511 2038 3562 dolii.
2106 3511 2295 3559 Postea
2318 3506 2385 3555 de
2407 3519 2534 3569 agro
2569 3519 2686 3554 cum
2705 3518 2773 3552 ι-

1713 3588 1899 3639 dificiis
1926 3595 2219 3652 usurpatus.
2257 3586 2382 3636 Duc.

1776 3676 1801 3711 «Ι
1858 3668 2056 3718 Fundus
2097 3677 2276 3729 qnoque
2312 3660 2518 3724 dicitur]
2590 3659 2774 3710 Cicero

1713 3759 1808 3809 pro
1828 3745 2108 3796 Coecinna:
2140 3748 2156 3772 ‘
2178 3744 2242 3794 lu
2268 3741 2523 3807 judicium
2556 3753 2659 3789 non
2690 3751 2773 3787 ve-

1714 3823 1827 3872 nire
1866 3831 2035 3873 utrum
2070 3821 2311 3872 Cecinua
2343 3818 2594 3883 possedit,
2616 3814 2775 3865 molto

1715 3900 1873 3950 etiam
1906 3901 2073 3950 sitinus
2104 3896 2290 3963 queri,
2314 3895 2563 3947 Coeeinna
2586 3892 2773 3943 fundus

1714 3979 1784 4027 sit
1806 3992 1904 4028 nec
1924 3992 2025 4028 no:
2075 3990 2158 4026 me
2195 3983 2366 4024 tamen
2397 3971 2640 4023 docuisse
2661 3967 2774 4019 fun·

1716 4054 1838 4104 dum
1861 4069 1974 4104 esse
1997 4048 2326 4105 cecinnamss
2393 4049 2542 4099 Idem
2557 4060 2700 4111 sepe
2721 4046 2772 4094 in

1717 4132 1953 4183 oratione
1977 4144 2071 4194 pro
2094 4128 2283 4182 Balbo.
2350 4126 2488 4176 Usus
2515 4131 2600 4174 est
2621 4122 2773 4174 etism

1718 4213 1892 4264 Plaut.
1925 4212 2161 4262 Trinum.
2185 4217 2289 4260 act.
2328 4223 2381 4258 v.
2404 4221 2481 4258 sc.
2506 4211 2555 4258 1.
2589 4209 2606 4236 ‘
2626 4207 2772 4257 Nunc

1717 4290 1840 4340 mihi
1862 4291 1905 4341 is
1929 4303 2152 4356 propere
2183 4284 2573 4338 conveniendus
2596 4291 2696 4347 est,
2714 4286 2773 4331 ut
