3020 4853
545 352 675 420 4⁰8

1221 369 1447 437 saxu
1499 369 1801 419 noman
1856 372 2064 419 rasa-1

548 514 757 580 Molis
778 523 796 561 ³
820 511 842 550 ¹
879 516 1072 581 hasta
1098 533 1141 580 a
1169 515 1348 598 ligno
1376 515 1534 581 mali
1557 514 1756 580 dicta.

543 618 730 684 Melo
749 626 775 664 ⁸
801 619 1062 683 nomine
1090 618 1224 683 alio
1248 617 1451 682 Nilus
1483 622 1779 684 vocatur.

543 719 771 784 Melos
790 718 816 755 ¹¹
845 720 1062 785 insula
1114 720 1297 784 dicta
1326 726 1433 784 est
1478 738 1523 784 a
1568 719 1779 797 Melo,
1811 720 1924 803 qui
1956 739 2047 784 ex
2078 719 2410 787 Phoenice
2442 720 2529 786 ad
2571 739 2707 785 ean·

627 820 778 888 dem
809 823 1019 889 suerat
1039 824 1394 907 profectus.

541 922 829 990 Meltom
846 932 870 961 ²
895 923 909 962 ἰ
937 928 1265 993 meliorem
1290 927 1624 993 dicebant.

1449 1161 1712 1183 0000onss
1720 1163 1806 1184 000

565 1400 577 1413 ⁹
602 1340 628 1385 1
666 1336 885 1389 Quidam
908 1345 1012 1388 vet.
1034 1339 1126 1390 lib.
1162 1342 1345 1392 Melone
1366 1345 1448 1394 vel
1476 1346 1666 1398 Melias.
1735 1350 1832 1400 Vir
1857 1349 1993 1401 doct.
2026 1350 2076 1399 iu
2101 1363 2261 1413 marg.
2284 1349 2370 1398 ed.
2395 1349 2537 1400 Scal.
2556 1347 2706 1411 conji-

532 1408 606 1451 cit
627 1402 804 1453 Melia.-
838 1410 892 1453 et
909 1404 983 1454 ita
1007 1406 1276 1470 legendum
1302 1420 1507 1462 mouent
1522 1414 1656 1463 Scal.
1677 1416 1906 1466 Dum—2
1941 1415 2106 1466 Iidem
2128 1416 2362 1466 scribunt
2377 1415 2585 1465 Mdion.

1525 1605 1736 1680 NO'13AE

594 1748 617 1780 Τ
640 1751 810 1815 Melia]
841 1750 895 1802 Si
917 1766 946 1801 a
977 1751 1113 1817 ligno
1148 1755 1270 1804 mali
1304 1754 1444 1807 dicta
1483 1765 1582 1816 est,

529 1837 632 1873 nou
669 1825 837 1888 video,
874 1843 1026 1893 qnam
1063 1830 1201 1880 utilis
1236 1831 1370 1900 bello
1389 1833 1579 1886 fuerit:

529 1916 647 1951 cum
675 1904 835 1952 malus
873 1904 1027 1954 arbor
1064 1906 1241 1971 inepta
1265 1924 1475 1974 prorsus
1516 1913 1580 1961 ad

525 1977 697 2029 hastas
718 1980 803 2029 sit.
869 1981 975 2031 Sed
996 1984 1372 2036 restituendum
1399 1988 1550 2037 Melia
1565 2005 1582 2038 .-

527 2062 588 2104 ut
604 2056 672 2104 sit
686 2055 846 2118 μελίη.
879 2057 949 2108 Ει
967 2058 1184 2110 Paulum
1206 2076 1322 2112 cnm
1346 2063 1450 2113 suis
1469 2072 1580 2130 ety-

525 2132 758 2197 mologiis
789 2134 995 2185 missum
1031 2134 1294 2189 faciamus.
1325 2141 1429 2190 Jos.
1453 2139 1578 2192 θοαὶ.

587 2209 761 2275 Meus]
810 2212 982 2274 Lege:
1022 2214 1191 2264 Melia.
1227 2214 1392 2277 μελίη,
1430 2216 1580 2268 basta

524 2282 787 2338 fraxinea:
820 2288 965 2349 μελέα
998 2291 1136 2340 enim
1174 2290 1426 2343 fraxinus.
1505 2295 1577 2345 Et

521 2361 739 2414 ridicule
775 2365 970 2416 Paulus
1008 2382 1038 2416 a
1072 2367 1209 2433 liguo
1241 2371 1359 2420 mali
1381 2371 1574 2422 dictam

518 2440 651 2505 vult,
685 2456 801 2492 cum
837 2446 998 2495 malus
1033 2445 1187 2496 arbor
1219 2448 1397 2512 inepta
1431 2464 1574 2514 pror-

518 2530 603 2566 sus
626 2517 691 2567 ad
712 2519 884 2571 hastas
909 2522 993 2573 sit.
1028 2523 1154 2574 Duc.

581 2603 608 2639 s
642 2596 794 2661 Melo]
825 2597 1080 2650 AGraeco
1097 2600 1263 2662 μέλας.
1332 2603 1416 2652 Ita
1435 2605 1572 2654 enim

517 2671 697 2721 Groeci
722 2673 899 2725 Nilum
922 2691 1192 2740 vocavere,
1208 2686 1266 2730 ιιι
1285 2681 1446 2731 tradit
1465 2683 1569 2732 Eu·

515 2747 673 2798 stath.
709 2756 765 2799 et
814 2751 888 2800 ita
938 2752 1302 2817 intelligendus
1346 2756 1571 2821 Hesycli.

511 2823 679 2890 μέλας,
696 2828 920 2892 atavos,
938 2832 1104 2893 βαθὺς,
1124 2832 1156 2891 ἡ
1176 2834 1403 2895 ποταμός.
1453 2836 1512 2886 M
1516 2851 1568 2888 e·

512 2902 610 3027 ¹1:¹1⁸,
649 2904 812 2969 niger,
867 2908 1166 2973 profundus,
1222 2913 1305 2962 vel
1358 2910 1569 2964 fluviuS.

576 2994 668 3029 em.

577 3053 601 3087 ¹¹
632 3057 812 3122 Meloe]
843 3060 1020 3111 Insula
1040 3064 1091 3111 in
1117 3066 1244 3113 mari
1263 3066 1471 3117 Cretico
1495 3070 1570 3118 in·

510 3137 595 3181 ter
617 3131 827 3185 Cretam
866 3144 921 3185 et
952 3138 1183 3201 Sunium,
1205 3139 1417 3192 Achaim
1447 3159 1564 3207 pro·

508 3210 836 3276 montorium,
852 3227 883 3261 a
900 3213 1166 3265 Plioenicio
1183 3218 1403 3282 quodam
1419 3222 1563 3272 Melo

508 3284 670 3347 dicta,
703 3294 760 3337 ut
785 3290 943 3339 sentit
968 3292 1170 3355 Festus,
1201 3298 1561 3350 consentiente

506 3363 779 3417 Eustatliio
798 3366 850 3415 in
875 3366 1091 3432 Dionys.
1116 3370 1320 3436 Perieg.
1340 3372 1373 3432 ἡ
1395 3377 1563 3433 Μῆλος

505 3442 611 3506 περὶ
631 3443 689 3491 τὸ
711 3444 943 3508 Κρητικὸν
961 3447 1176 3509 πέλαγος
1197 3449 1291 3499 ἀπό
1309 3470 1437 3503 τινος
1458 3454 1560 3513 Μή-

503 3526 597 3569 λου
628 3524 858 3580 κληθεῖσα
879 3523 1001 3574 κατὰ
1030 3525 1120 3584 τὴν
1150 3527 1403 3591 Ἀῥριανοὶλ
1440 3531 1482 3581 1.
1509 3546 1558 3581 e.

500 3596 516 3623 ‘
536 3596 706 3649 Melos
729 3600 897 3650 insula
919 3602 1060 3652 circa
1079 3618 1219 3653 mare
1239 3605 1502 3655 Creticum
1528 3622 1560 3657 a

501 3672 647 3724 Melo
675 3677 893 3742 quodam
927 3678 1074 3729 dicta
1104 3681 1388 3729 secundnm
1412 3680 1558 3732 Arri-

499 3751 581 3799 atii
607 3752 926 3805 Historiam!
989 3754 1092 3806 Sed
1116 3755 1214 3806 hoc
1237 3756 1418 3807 falsum
1442 3774 1557 3809 esse

495 3827 675 3880 docuit
696 3830 905 3884 doctiss.
928 3835 1222 3886 Bochartus
1242 3837 1291 3885 in
1312 3851 1403 3886 suo
1424 3837 1556 3887 Cha·

498 3917 652 3967 naan,
689 3906 777 3955 lib.
804 3922 841 3957 ι.
882 3923 997 3973 cap.
1025 3915 1101 3960 14.
1139 3911 1223 3960 nbi
1258 3912 1554 3975 planissime

495 3979 871 4033 demonstravit
907 3985 1122 4035 insulam
1148 3988 1276 4036 Melo
1316 3989 1555 4041 Hebraeis

495 4054 690 4105 dictam
721 4060 886 4123 Melo,
920 4061 955 4110 i.
990 4062 1208 4113 insulam
1234 4067 1554 4132 repletionis,

496 4134 711 4184 insulam
740 4138 1093 4202 plenitudinis,
1130 4150 1346 4206 propter
1366 4144 1553 4195 fertili-

496 4218 661 4263 tatem
705 4214 927 4275 scilicet,
970 4230 1085 4268 nam
1133 4218 1373 4270 Hebraeis
1418 4225 1552 4287 melo,

1662 1760 1946 1824 plenitudo,
1964 1759 2311 1810 maturitatem
2329 1762 2498 1819 sonat,
2515 1769 2628 1805 cum
2644 1755 2703 1805 de

1662 1835 1892 1900 frugibus
1931 1836 2118 1901 agitur,
2154 1844 2209 1884 et
2243 1834 2360 1883 huic
2392 1832 2572 1882 insule
2599 1831 2703 1881 haec

1660 1913 1938 1976 appellatio
1958 1913 2084 1961 mire
2102 1911 2359 1976 congruit,
2373 1923 2489 1973 quae
2507 1916 2561 1958 et
2577 1906 2705 1956 fruc·

1662 1996 1744 2037 tus
1771 1988 1888 2038 tulit
1912 1987 2216 2051 uberrimos,
2249 1994 2306 2036 et
2343 1992 2449 2036 tam
2482 1984 2612 2034 mira
2632 1998 2704 2033 ra-

1660 2065 1801 2115 tione
1829 2071 2249 2124 maturescentes,
2282 2068 2341 2112 ut
2371 2059 2554 2125 fruges
2576 2062 2705 2110 intra

1660 2144 1970 2194 tricesimum
1986 2143 2121 2193 diem
2147 2138 2382 2206 perfecte
2399 2146 2703 2189 maturesce-

1660 2227 1795 2282 rent,
1819 2228 1874 2271 et
1902 2219 2145 2270 sementis
2169 2234 2199 2268 a
2224 2217 2397 2267 multis
2418 2215 2571 2266 fieret
2597 2230 2701 2280 pro-

1659 2296 1927 2362 pemodum
1964 2297 2079 2360 ipsa
2114 2309 2301 2352 messe,
2333 2307 2433 2344 nec
2468 2293 2700 2357 agricola

1657 2379 1762 2422 tam
1788 2372 1937 2423 tardo
1958 2371 2228 2438 quicquam
2267 2369 2389 2419 inde
2424 2367 2699 2419 decideret.

1654 2452 1992 2515 Theophrast.
2030 2449 2252 2515 plantar.
2276 2448 2366 2497 lib·
2388 2461 2468 2498 tv·
2492 2462 2606 2511 cap.
2628 2450 2698 2496 12.

1654 2535 1710 2577 et
1748 2527 1837 2577 lib.
1870 2541 2002 2578 vm.
2037 2541 2085 2577 c.
2121 2529 2169 2576 8.
2203 2524 2268 2574 ab
2306 2524 2488 2574 eadem
2512 2524 2698 2573 ratione

1651 2604 1833 2655 eadem
1850 2605 1991 2655 dieta
2004 2601 2474 2665 minutiismenblis,
2486 2607 2542 2651 et
2551 2600 2701 2649 biblis.

1650 2680 1737 2732 Ab
1758 2681 1984 2732 Hebraeo
2001 2680 2199 2731 scilicet
2211 2679 2423 2728 menone
2435 2679 2519 2728 vel
2532 2678 2697 2733 mli,

1652 2759 1796 2823 quasi
1817 2759 1961 2809 dicas
1995 2756 2012 2785 ‘
2031 2764 2220 2807 terram
2242 2754 2628 2819 complentem,'
2648 2753 2696 2802 id

1651 2841 1750 2898 est,
1797 2835 1861 2884 ad
1911 2836 2116 2900 plenam
2159 2831 2512 2883 maturitatem
2562 2830 2700 2881 brevi

1651 2913 1822 2976 spatio
1838 2911 2239 2975 perducentem;
2261 2915 2318 2958 et
2339 2922 2409 2959 ex
2423 2908 2596 2957 Mami
2615 2907 2699 2957 de·

1650 2988 1784 3039 flexa
1807 2989 2031 3039 Memblis
2053 2996 2109 3037 et
2130 2985 2319 3051 Byblis,
2353 2985 2414 3035 M
2433 2994 2489 3035 et
2517 2987 2561 3035 B
2589 3000 2695 3049 per·

1648 3068 1876 3129 mutatis,
1908 3073 1966 3116 ut
1987 3080 2130 3129 saepe
2164 3063 2243 3114 fit.
2308 3062 2470 3113 Soliu.
2505 3063 2694 3112 ‘Melos

1646 3158 1797 3205 quam
1838 3141 2181 3194 Callimachus
2218 3136 2510 3189 Mimallida
2535 3136 2698 3188 dixit!

1645 3221 1879 3270 Plinius:
1916 3220 2120 3269 ‘Melos
2149 3232 2261 3268 cum
2300 3215 2517 3280 oppido,
2550 3230 2694 3281 qnam

1645 3297 1903 3347 Aristides
1927 3295 2150 3360 Byblida
2168 3293 2422 3358 appellat,
2444 3292 2694 3342 Aristote-

1643 3379 1716 3428 les
1747 3377 2077 3443 Zephyriam,
2111 3372 2458 3426 Callimachus
2495 3372 2693 3422 Mimal-

1640 3455 1767 3520 lida,
1782 3454 2106 3508 Heraclides,
2119 3449 2444 3515 Syphuon,et
2459 3448 2693 3514 Acyton:

1642 3533 1971 3670 Μίεῃϋὶειιοηι]
2006 3603 2188 3656 Scribo
2208 3602 2413 3653 melium.
2467 3601 2690 3652 Tarenti·

1638 3699 1760 3734 num
1792 3692 1873 3734 est
1896 3684 2094 3744 Melior,
2130 3677 2311 3741 ἁμέων
2347 3693 2443 3742 pro
2481 3676 2687 3739 ἆμείνυν.

1638 3763 1768 3812 Cum
1791 3760 1905 3809 dum
1930 3760 1985 3808 in
2009 3759 2200 3809 Graeca
2222 3769 2348 3804 voce
2384 3755 2591 3820 liquide
2621 3755 2688 3802 in-

1634 3839 1953 3901 terveniunt,
1986 3837 2151 3886 altera
2167 3847 2373 3897 semper
2390 3841 2621 3882 mutatur
2639 3832 2685 3879 iu

1635 3916 1750 3966 ἷῦτα
1793 3916 1845 3965 in
1882 3916 2067 3965 Latina
2107 3912 2337 3974 Lingua:
2377 3909 2582 3972 φύλλος,
2618 3908 2683 3957 fo·

1634 3997 1793 4046 lium:
1842 3993 2067 4056 ἅλλομαι,
2104 3990 2269 4040 salio:
2315 3987 2485 4049 ἄλλος,
2521 3987 2678 4037 alius:

1635 4072 1830 4133 ἆμένων,
1861 4072 2088 4122 menior:
2128 4067 2263 4134 quod
2291 4075 2474 4133 postea
2495 4065 2679 4117 melior.

1633 4151 1739 4200 dos.
1762 4149 1896 4200 Seul.
