3020 4853
529 361 617 428 56

1202 372 1425 422 sssxvt
1478 371 1786 422 Poupsstt
1840 371 2048 421 FEST!

533 519 805 607 Agnusi
853 521 1096 586 dicitur
1129 538 1172 584 a
1202 519 1449 587 Graeco
1476 519 1673 606 ἁγνὸς,
1703 521 1885 606 quod
1919 518 2252 603 significat
2282 523 2542 583 castum
2571 539 2587 584 :
2639 518 2720 584 eo

622 626 801 713 quod
847 626 938 691 sit
986 624 1209 690 hostia
1257 644 1447 709 pura,
1493 631 1560 690 et
1609 624 2042 690 immolationi
2094 630 2277 708 apta.
2366 620 2603 703 Agnus
2633 644 2722 687 ex

620 729 863 819 Gfraeco
892 729 1063 813 ἀμνὸς
1094 728 1479 794 deducitur:
1527 728 1705 814 quod
1740 747 1979 793 nornen
2012 726 2192 813 apud
2224 723 2511 810 majores
2539 745 2721 790 com-

625 836 839 899 munis
867 841 1012 899 erat
1040 834 1319 917 generiS,
1351 833 1527 898 sicut
1571 839 1639 898 et
1687 832 1908 916 lupuS,
1942 832 2123 917 quod
2152 831 2329 897 venit
2360 849 2449 894 ex
2475 827 2719 895 Graeco

626 937 819 1014 λύκος.

530 1039 872 1128 Agolum‚¹¹
904 1041 1243 1126 pastorale
1271 1041 1603 1120 baculum,
1635 1040 1817 1124 quod
1848 1040 2149 1124 pecudes
2181 1045 2479 1122 aguntur.

532 1147 865 1231 AgoniaS,
894 1142 1185 1210 hostias¹
1217 1145 1545 1231 putabant
1574 1145 1660 1208 ab
1693 1143 1947 1227 agendo
1977 1143 2214 1208 dictas.

532 1249 866 1334 Agonium
891 1258 931 1284 ¹¹¹
981 1248 1128 1315 dies
1175 1249 1662 1335 appellabatur,
1694 1269 1828 1333 quo
1873 1268 1989 1313 rex
2012 1256 2038 1284 ¹¹
2082 1247 2369 1314 hostiam
2417 1246 2718 1311 immola-

1445 1416 1779 1436 OOO‘O‘OOO‘O

599 1507 657 1553 1⁷
695 1504 793 1554 Ed.
816 1505 950 1555 Scal.
974 1519 1083 1569 qua.

1514 1635 1734 1688 NOTAE

530 1751 754 1804 tionibus
804 1751 1010 1804 Graecis
1067 1752 1446 1816 Imperatorum
1503 1768 1588 1803 oc·

528 1831 712 1888 currit,
749 1838 806 1879 ut
856 1838 911 1879 et
952 1844 1139 1879 nomen
1176 1832 1491 1894 τρακτειηῶν,
1536 1828 1584 1879 id

528 1916 627 1969 est,
657 1909 1015 1971 tractantium,
1037 1907 1163 1964 sive,
1188 1907 1584 1971 negotiatorum.

529 1986 653 2036 Duc.
1022 2030 1035 2039 .

593 2059 607 2094 ¹
637 2060 828 2125 Agnus]
885 2062 1024 2118 Quod
1055 2061 1185 2111 verrit
1211 2076 1273 2112 ex
1305 2062 1476 2111 Groeco
1498 2060 1584 2111 λύ·

528 2154 641 2188 κοςε
682 2140 858 2200 immo,
901 2140 1023 2202 quod
1065 2139 1194 2187 venit
1236 2154 1299 2188 ex
1344 2138 1515 2189 Groeco
1554 2137 1586 2198 ἦ

526 2212 699 2264 λύκοςε
735 2214 844 2263 vult
879 2215 1012 2265 euim
1048 2215 1101 2264 in
1135 2229 1197 2264 eo
1232 2223 1436 2266 secutos
1469 2231 1583 2267 esse

524 2301 727 2343 veteres
749 2292 984 2355 Graecos,
1009 2293 1093 2359 qui
1116 2292 1147 2353 ἡ
1165 2294 1322 2349 ἵππος,
1344 2292 1376 2353 ἦ
1396 2292 1582 2361 ἄρκτος,

521 2378 581 2422 ot
604 2371 793 2421 similia
814 2369 1008 2421 dicunt.
1043 2370 1161 2421 Non
1181 2372 1317 2421 enim
1344 2371 1424 2422 hic
1441 2387 1580 2439 quae·

523 2450 595 2500 rit
616 2458 825 2516 etymon
848 2449 953 2514 lupi
977 2466 990 2499 ε
1024 2449 1115 2500 sed
1137 2450 1404 2516 rationem,
1419 2466 1580 2517 qnare

522 2524 787 2578 foeminino
842 2541 1032 2591 genere
1094 2527 1277 2579 dicunt
1326 2529 1576 2580 Veteres:

523 2620 680 2669 porro
698 2605 834 2670 quod
852 2606 925 2654 ait
943 2619 1130 2669 agnum
1150 2615 1368 2672 utroque
1387 2619 1579 2669 genere

524 2695 556 2731 a
577 2682 853 2732 Veteribus
873 2683 1151 2744 enuntiari,
1174 2682 1332 2732 habes
1356 2681 1407 2730 in
1434 2684 1580 2746 Lege

523 2761 714 2811 Numae
760 2761 824 2808 de
869 2759 1051 2823 opimis
1094 2760 1269 2823 spoliis
1293 2776 1309 2809 t
1376 2772 1577 2811 somn

526 2850 752 2887 manans.
787 2850 1046 2886 casm-ro.
1078 2837 1150 2886 Et
1170 2838 1221 2886 in
1257 2837 1458 2900 Pelles,
1480 2851 1581 2888 AG·

527 2927 654 2964 nvn
677 2927 941 2964 ινεηιιυιι
962 2929 977 2963 ι
1001 2928 1117 2964 nam
1141 2928 1241 2963 non
1264 2928 1467 2978 agnam,
1487 2916 1579 2965 sed

523 3006 711 3058 agnum
733 2991 996 3041 foeminam
1019 2991 1280 3055 dicebant,
1301 2999 1358 3042 ut
1384 3006 1484 3042 non
1503 2995 1578 3044 lu-

523 3084 667 3133 pam,
691 3070 783 3119 sed
806 3071 984 3133 lupum
1009 3067 1286 3118 foeminam.
1342 3070 1539 3121 Ennius
1560 3088 1573 3121 ε

521 3149 538 3177 4
561 3145 890 3197 Endotuetur
919 3146 988 3195 ibi
1023 3145 1167 3209 lupu'
1199 3144 1423 3205 stamina.
1458 3163 1579 3199 con-

524 3223 688 3289 spicio
709 3227 915 3273 amens)
945 3224 1054 3273 Jos.
1078 3222 1204 3274 διαὶ.

589 3302 782 3366 Agnus]
813 3301 947 3359 Lege
962 3297 1114 3359 infra,
1132 3310 1188 3349 ut
1209 3299 1403 3364 optime
1417 3300 1581 3351 Scali-

524 3392 637 3442 ger,
651 3378 769 3440 qaod
789 3375 914 3426 venit
931 3390 993 3425 ex
1012 3374 1226 3435 Gracci)
1246 3374 1405 3427 λύκος.
1457 3378 1505 3427 N
1512 3393 1578 3427 on

522 3455 659 3505 enirn
677 3453 863 3518 quaerit
880 3462 1087 3518 etymon
1102 3453 1227 3518 lupi,
1240 3455 1328 3503 sed
1348 3454 1590 3506 indicare

522 3532 633 3580 vuit
671 3531 877 3580 Latinos
900 3530 952 3579 in
975 3544 1036 3580 eo
1061 3540 1268 3582 secutos
1300 3546 1410 3583 esse
1437 3541 1579 3583 vete-

523 3624 605 3660 res
629 3611 865 3668 Graecos.
897 3610 983 3675 qni
1011 3609 1042 3670 ἡ
1067 3611 1227 3676 ἵππος,
1257 3611 1290 3673 ἡ
1311 3613 1500 3678 ἄρκτος,
1522 3622 1579 3666 et

522 3687 728 3748 similia,
761 3686 960 3738 dicunt.
1030 3689 1101 3739 Et
1133 3690 1270 3754 qnod
1304 3692 1378 3742 ait
1399 3707 1579 3753 agnam

522 3773 741 3830 utroque
774 3779 964 3829 genere
1000 3781 1027 3815 a
1060 3766 1336 3817 Veteribus
1376 3770 1579 3819 enunti-

522 3843 619 3905 ari,
654 3843 809 3893 habes
840 3843 892 3892 in
926 3844 1039 3908 lege
1064 3845 1249 3894 Numa
1287 3843 1353 3894 de
1391 3847 1577 3911 opimis

520 3920 716 3984 spoliis,
739 3924 754 3951 4
776 3936 957 3984 agnum
985 3936 1176 3971 marem
1192 3920 1402 3972 cedito.'
1437 3923 1507 3974 Et
1525 3927 1577 3973 in

520 3999 536 4026 4
559 3996 767 4062 pellex,'
805 4006 1016 4062 ‘agnum
1060 3996 1320 4049 foeminam
1364 3999 1576 4054 redito:

524 4075 660 4126 Nam
675 4090 778 4125 non
793 4090 986 4137 agnam,
1003 4075 1094 4125 scd
1111 4077 1542 4138 mamsoemt'nam
1558 4095 1576 4128 .·

520 4166 619 4201 non
643 4153 833 4217 ὶαραηο,
850 4152 942 4202 sed
981 4154 1141 4216 lupum
1162 4153 1433 4216 fantinum,
1468 4157 1576 4206 En-

519 4229 652 4279 nius.
695 4230 712 4259 4
734 4229 1057 4279 Endotuetur
1081 4230 1149 4279 ibi
1172 4231 1324 4294 lupus
1347 4230 1575 4298 t‘oemina,

519 4307 782 4372 conspicio
803 4305 1013 4357 amens!
1068 4307 1138 4357 Et
1160 4306 1335 4361 Graeci
1354 4323 1471 4361 cum
1495 4309 1571 4361 di·

1668 1759 1812 1813 cunt,
1850 1749 1881 1811 ἦ
1920 1750 2080 1811 ἵππος,
2110 1748 2506 1813 subintelligunt
2538 1747 2717 1806 θήλεια.

1670 1818 1820 1878 Nam·
1862 1828 2114 1877 Pindarus
2169 1828 2301 1878 dixit
2352 1826 2496 1876 ἵππος
2543 1825 2718 1885 θήλεια,

1666 1904 1842 1969 ἔλαφος
1863 1904 2042 1964 θήλεια.
2111 1905 2367 1955 Homerus
2389 1905 2506 1961 βοῦν
2526 1904 2715 1968 ἄρσενα.

1664 1984 1750 2033 Sic
1788 1986 1983 2033 ‘mares
2021 1979 2300 2035 ltomines:'
2333 1984 2347 2008 ‘
2370 1982 2511 2031 canis
2553 1979 2717 2030 foemi-

1667 2058 1779 2108 na?
1813 2062 1828 2088 ‘
1856 2059 1982 2109 civis
2026 2056 2294 2109 foemina:'
2328 2058 2445 2108 ‘leo
2480 2056 2717 2108 foemina'

1667 2137 1798 2188 dixit
1837 2139 2008 2189 Plaut.
2052 2138 2184 2187 ‘Bos
2230 2136 2476 2202 foemina,’
2525 2138 2718 2189 Livius.

1664 2216 1921 2281 ‘Polypus
1943 2214 2186 2276 foemina,’
2222 2215 2358 2265 Ptin.
2379 2216 2395 2243 ‘
2412 2216 2606 2265 Porcus
2627 2213 2718 2264 foe-

1664 2291 1837 2353 mina,’
1860 2291 1988 2341 Cato
2013 2298 2065 2341 et
2094 2291 2295 2341 Cicero.
2351 2293 2367 2320 ‘
2391 2290 2589 2356 Anguis
2628 2289 2720 2340 foe·

1663 2367 1832 2419 mina'
1873 2377 1930 2420 et
1964 2371 1980 2398 ‘
2002 2370 2182 2433 anguis
2206 2366 2344 2430 nias,'
2381 2369 2581 2420 Cicero.
2651 2368 2719 2419 Et

1661 2452 1764 2503 alia
1786 2453 1963 2503 multa.
2014 2451 2075 2501 In
2098 2451 2175 2500 his
2199 2460 2369 2500 autem
2394 2457 2447 2500 et
2467 2449 2719 2500 similibus

1661 2530 1909 2593 epicoenis
1927 2530 1970 2579 si
1993 2528 2309 2593 adjectivum
2333 2526 2575 2591 adjicitur
2596 2541 2718 2577 con·

1663 2617 1741 2658 tra
1785 2608 2218 2663 terminationem,
2257 2618 2358 2654 mas
2402 2604 2482 2654 vel
2514 2604 2717 2664 soenina

1661 2685 1819 2735 debet
1843 2685 2078 2750 intelligi.
2135 2684 2208 2734 Ut
2229 2684 2245 2711 ‘
2261 2696 2423 2747 equus
2461 2681 2716 2732 velocissi-

1661 2778 1746 2813 ma
1767 2763 1799 2813 ε’
1856 2764 1993 2812 ‘Bos
2037 2758 2303 2811 auratus?
2356 2760 2715 2823 ‘Elephantus

1662 2839 1908 2905 gravida.’
1962 2839 2050 2891 Sic
2075 2839 2211 2904 apud
2237 2838 2421 2903 Virgil-
2451 2838 2467 2865 ‘
2486 2838 2570 2889 Ne
2594 2837 2719 2888 saevi
2805 2905 2808 2908 Ι

1661 2933 1845 2983 magna
1883 2917 2156 2969 sacerdon.⁹
2212 2919 2278 2967 Et
2301 2917 2608 2982 ‘amphrisia
2632 2932 2717 2966 va-

1666 2995 1783 3048 tes?
1832 2998 1917 3047 Sic
1937 2996 2092 3048 Ovid.
2106 2997 2157 3046 in
2181 2995 2338 3061 epist.
2356 2998 2373 3026 4
2390 3010 2523 3046 nova
2534 2994 2718 3046 miles.'

1664 3075 1789 3125 Dae.

1724 3147 1748 3182 ¹¹
1780 3147 2010 3213 Agoram]
2060 3148 2307 3213 Suspicor
2362 3149 2625 3201 detortum
2685 3165 2716 3200 a

1660 3226 1868 3291 Groeco,
1891 3227 2141 3288 ἁγελαῗονε
2178 3242 2293 3276 nam
2319 3227 2460 3292 prius
2482 3229 2715 3291 agelas-n.—

1661 3313 1719 3356 ut
1741 3304 1947 3370 Apelle.
1970 3304 2174 3370 Apono.
2207 3305 2312 3353 Ju.
2337 3304 2468 3354 διαὶ.

1723 3382 1950 3446 Aaeolum]
1999 3382 2155 3432 Prius
2198 3380 2472 3431 dicebatur
2513 3383 2715 3443 «gelam.

1661 3459 1868 3526 Nempe
1903 3461 2163 3509 detortum
2187 3473 2218 3508 a
2240 3458 2429 3509 Graeco
2468 3458 2716 3522 ἀγελαῖον.

1657 3538 1794 3589 Scal.
1847 3536 1951 3587 Sed
1972 3535 2186 3596 frustra,
2203 3544 2262 3585 ut
2288 3550 2319 3584 a
2339 3535 2354 3562 ‘
2370 3535 2563 3600 cingo,’
2579 3538 2714 3589 ‘ein-

1658 3613 1866 3676 gutum:
1888 3614 1963 3663 sic
1983 3613 2046 3662 ab
2071 3613 2086 3640 4
2108 3611 2242 3677 ago,’
2265 3613 2282 3641 4
2300 3611 2540 3678 agulum‚'
2558 3630 2590 3664 a
2611 3614 2662 3665 in
2686 3631 2713 3664 ο

1660 3692 1676 3719 4
1702 3688 1942 3755 agolum.’
1976 3690 2103 3741 Dae.

1723 3765 1983 3828 'Agmina
2005 3767 2208 3832 hostias]
2232 3766 2586 3818 Glossarium:
2622 3767 2713 3818 ‘A-

1659 3845 1829 3909 gonia‚
1854 3843 2067 3908 lsps‘a'orz’
2088 3845 2439 3914 uonssgloni«,
2471 3851 2532 3895 ut
2560 3845 2711 3896 hodie

1656 3923 1877 3987 legitur:
1913 3925 2071 3974 item:
2108 3925 2124 3950 ‘
2151 3922 2442 3988 Agonatia,’
2464 3931 2520 3974 et
2537 3927 2552 3952 4
2574 3923 2710 3989 Ago-

1658 4001 1818 4063 naria,
1840 4000 2008 4052 evola-⁹
2052 4001 2247 4053 Glossoe
2272 4000 2458 4052 Isidori
2483 4017 2497 4050 ε
2529 4008 2544 4030 4
2570 4002 2711 4067 Ago·

1655 4092 1766 4134 nes,
1793 4078 2052 4130 victime!
2096 4078 2352 4144 ‘Agonia,
2375 4077 2584 4130 hostia.'
2603 4081 2709 4131 «ἴοι.

1718 4240 1753 4265 ¹¹¹
1783 4233 2047 4298 Agendum]
2104 4231 2380 4295 Δςοαίαηι,
2401 4232 2454 4282 id
2499 4240 2599 4297 est,
2635 4236 2703 4284 la-

1652 4310 1781 4373 dam,
1804 4308 1942 4359 locus
1959 4307 2249 4359 mendosus.
2307 4310 2491 4377 Varro,
2513 4319 2705 4377 prator
