3020 4853
587 359 684 407 DE
733 360 1144 410 VERBORUM
1195 361 1808 411 smmmca‘rlonss
1858 364 2001 411 1213.
2056 363 2213 412 vlu.

2381 348 2512 413 303

410 503 593 587 quod
625 510 727 569 est
757 506 1076 589 antiquoe,
1106 513 1180 570 'et
1204 508 1564 590 pastoralis
1593 508 1752 574 vitae
1781 505 2145 575 indicium:
2190 529 2366 588 nam,
2396 513 2514 595 qui

408 608 478 671 in
522 617 713 692 prato
757 629 951 674 cursu
996 615 1111 675 aut
1151 610 1401 676 viribus
1448 611 1964 690 contendebant,
2025 632 2177 678 cum
2219 616 2516 698 superati

415 718 626 791 erant,
671 732 759 777 ex
789 733 869 777 eo
900 713 1072 792 solo,
1101 714 1170 778 in
1205 733 1348 798 quo
1386 720 1719 779 certamen
1750 723 1912 794 erat,
1959 715 2343 800 decerptam
2371 717 2516 781 her-

333 853 342 862 e
415 815 574 879 bam
605 815 984 881 adversario
1013 815 1384 881 tradebant.

329 915 642 982 Herbilis
659 925 688 963 1
717 937 929 998 anser,
962 920 1166 985 herba
1195 925 1453 1003 pastuS,
1484 919 1603 1004 qui
1633 921 1943 1002 gracilior
1962 919 1991 961 ⁶
2029 928 2131 1016 est
2159 941 2360 1006 quam
2385 921 2518 988 sru-

419 1032 651 1086 mento
684 1021 888 1087 altus.

329 1124 648 1189 Herceus
666 1134 691 1174 ⁷
720 1124 1024 1209 Jupiter¹
1074 1128 1248 1191 intra
1276 1131 1670 1211 conseptum
1703 1126 1943 1193 domus
1996 1127 2319 1213 cujusque
2346 1128 2521 1213 cole-

418 1227 641 1302 batur,
672 1247 872 1313 quem
900 1229 1100 1293 etiam
1135 1231 1356 1294 Deum
1391 1228 1800 1312 penetralem
1830 1229 2284 1315 appellabant.

328 1329 709 1394 Hercules·
737 1331 1119 1415 astrologus
1149 1332 1391 1410 dictus»,
1413 1333 1591 1417 quod
1616 1353 1699 1400 eo
1731 1335 1839 1400 die
1869 1355 1941 1400 se
1963 1334 2244 1400 flammis
2271 1333 2522 1419 injecit,

420 1453 555 1517 quo
583 1433 805 1500 sutura
834 1441 977 1502 erat
1005 1436 1386 1502 obscuratio
1416 1434 1605 1501 solis.

1249 1616 1429 1639 OOOOOO

1434 1618 1616 1639 000000

401 1737 435 1781 6
470 1732 576 1783 Pro
597 1733 827 1796 gracilior
846 1736 1051 1800 quidam
1072 1739 1334 1799 grandior:
1372 1738 1521 1795 male,
1545 1746 1792 1790 censente
1816 1741 2049 1792 Dum—⁷
2083 1740 2169 1790 Al.
2193 1739 2417 1792 Her-eius.

1333 1902 1545 1954 NOTA-2

331 2026 446 2076 ego
476 2027 592 2063 eum
630 2015 785 2064 etiam
820 2030 957 2067 utine
978 2017 1168 2068 dirrare
1193 2020 1242 2070 in
1266 2020 1397 2069 Vas·

332 2088 493 2140 conia
529 2098 675 2141 certo
708 2093 831 2143 scio.
898 2095 965 2144 Et
1000 2096 1121 2145 inde
1144 2097 1395 2160 originem

336 2167 564 2216 traxisse
585 2167 830 2232 arbitror,
868 2170 1005 2233 quod
1039 2185 1155 2222 cnm
1177 2173 1396 2237 primum

334 2259 530 2310 puguae
573 2258 736 2309 genus
774 2246 913 2311 apud
939 2249 1193 2315 antiquos,
1215 2258 1399 2314 utpote

335 2328 596 2384 pastores,
640 2322 780 2372 lucta
820 2321 993 2381 fuerit,
1029 2326 1213 2380 victus,
1252 2335 1306 2374 ut
1344 2338 1401 2375 se

339 2407 540 2449 terram
564 2400 798 2464 tetigisse
821 2404 1141 2465 ostenderet,
1175 2408 1229 2453 et
1251 2403 1321 2452 ita
1344 2417 1401 2454 se

337 2477 500 2542 plane
524 2477 770 2527 minorem
788 2477 1061 2542 fateretur,
1079 2481 1264 2529 victori
1286 2482 1399 2530 her-

334 2554 465 2603 bam
488 2568 552 2603 ex
569 2554 751 2604 eodem
775 2556 890 2606 loco
913 2554 1211 2620 decerptam
1236 2557 1401 2622 porri·

340 2631 533 2696 gebun
551 2646 718 2696 neque
736 2633 873 2682 enim
888 2633 1053 2683 victor
1072 2634 1114 2682 is
1131 2632 1237 2683 dici
1257 2640 1402 2697 pote·

343 2716 454 2772 rat,
474 2708 571 2757 nisi
594 2708 761 2760 victus
784 2708 1061 2773 fateretur,
1079 2715 1133 2759 et
1155 2712 1400 2760 victorem

343 2792 673 2848 agnosceret.
739 2785 964 2837 Ennius:
987 2787 1003 2814 ‘
1023 2786 1128 2840 Qui
1154 2786 1278 2837 vicit
1300 2801 1402 2837 nou

343 2870 429 2912 est
456 2862 639 2925 victor,
674 2862 772 2912 nisi
812 2863 970 2913 victu·
1005 2862 1237 2915 fatetur.'
1300 2864 1404 2915 Sed

342 2945 537 3003 postea
578 2937 704 2988 iliud
738 2939 803 2990 ad
849 2941 951 2989 alia
995 2940 1309 3000 traductum,
1350 2948 1406 2991 et

342 3020 361 3045 ⁸
381 3015 596 3065 herbam
630 3016 790 3075 ἀοι-ιη’
814 3033 907 3083 pro
932 3033 989 3068 se
1023 3020 1213 3070 victum
1236 3019 1406 3077 fateri,

347 3093 548 3144 dictum
568 3103 667 3144 est.
732 3094 863 3145 Inde
889 3095 1116 3146 Nonius:
1141 3098 1157 3126 ⁸
1179 3097 1405 3147 Herbam

346 3169 576 3219 Veteres
616 3171 837 3235 palmam
878 3174 959 3222 vel
994 3172 1262 3224 victoriam
1300 3172 1406 3222 dici

349 3247 571 3296 volunt!
631 3246 734 3297 Sed
763 3248 879 3298 boec
913 3251 1064 3312 paulo
1101 3249 1251 3300 aliter
1287 3251 1406 3301 Ser·

350 3323 467 3371 vius
503 3322 568 3371 ad
606 3322 732 3372 illud
768 3337 893 3374 vni.
919 3324 1120 3377 AEneid.
1150 3329 1166 3357 ⁸
1186 3327 1255 3377 Et
1281 3327 1410 3377 vitta

350 3406 555 3449 comtos
600 3399 763 3450 voluit
823 3402 1151 3464 praetendere
1214 3401 1412 3453 ramos.’

348 3475 365 3503 ⁸
387 3476 464 3526 Ut
497 3476 549 3524 iu
585 3479 728 3541 pacis
751 3478 1045 3542 petitione,'
1077 3480 1261 3544 inquit,
1293 3482 1308 3507 ⁸
1330 3493 1409 3530 ra-

350 3567 471 3604 mus
488 3553 634 3603 oliva·
651 3568 766 3604 cum
784 3554 926 3605 vittis
942 3549 1276 3633 offeffltur,
1295 3570 1411 3621 par·

351 3631 450 3680 tim
475 3627 686 3695 fabule,
710 3631 898 3693 partim
922 3640 1123 3682 natttrae
1149 3630 1310 3681 efficit
1335 3645 1412 3681 rs·

352 3710 452 3759 tio.
523 3707 675 3769 Nam,
708 3723 824 3756 cum
858 3708 925 3758 de
956 3708 1158 3758 nomine
1182 3709 1410 3758 Athena-

351 3799 470 3836 rum
496 3784 773 3848 Neptunus
791 3792 846 3833 et
870 3785 1111 3836 Minerva
1130 3785 1412 3836 contende·

353 3870 500 3924 rent,
545 3869 601 3911 et
631 3861 873 3926 jussisset
908 3862 1138 3926 Jupiter,
1179 3870 1237 3913 ut
1275 3862 1411 3911 illius

353 3937 565 3990 nomine
590 3939 851 3989 diceretur
872 3938 1072 4003 civitas,
1108 3939 1190 4003 qui
1231 3952 1411 3987 munus

351 4017 542 4067 melius
561 4015 844 4066 obtulisset
863 4014 1174 4081 homiuibus,
1212 4014 1412 4078 Equum

352 4092 663 4157 Neptunus,
683 4090 926 4145 Minerva
950 4090 1152 4140 Olivam
1178 4091 1413 4156 protulit,

351 4177 413 4221 et
434 4169 614 4220 statim
638 4167 785 4218 vicit.
849 4165 1020 4232 Unde,
1050 4181 1165 4218 cum
1200 4167 1312 4231 ejus
1338 4181 1415 4217 rs-

351 4260 467 4299 mus
489 4245 653 4298 alicui
680 4241 916 4309 offertur,
947 4244 1143 4295 indicat
1164 4255 1279 4299 eum
1303 4257 1415 4295 csse

1477 2019 1763 2069 meliorem.
1796 2018 1933 2068 Hinc
1947 2025 2027 2068 est
2041 2017 2166 2068 illud
2185 2016 2533 2082 proverbium,

1479 2096 1691 2146 herbam
1730 2096 1816 2159 do,
1852 2095 1902 2144 id
1940 2103 2039 2155 est,
2076 2094 2206 2144 cedo
2246 2095 2533 2156 victoriam,

1479 2173 1617 2238 quod
1650 2172 1819 2221 Varro
1854 2171 1906 2220 iu
1928 2172 2252 2235 antiquarum
2274 2170 2421 2220 libris
2443 2185 2533 2233 po-

1480 2248 1592 2298 nit:
1628 2249 1755 2298 Cum
1779 2247 1829 2296 in
1856 2246 2102 2309 agonibus
2122 2245 2330 2295 herbam
2354 2246 2404 2295 iu
2428 2259 2533 2295 mo·

1447 2391 1450 2396 f
1483 2324 1602 2374 dum
1645 2324 1826 2386 palma·
1864 2322 1954 2371 dat
1987 2322 2167 2387 aliquis
2189 2322 2260 2380 ei,
2293 2336 2408 2371 cum
2433 2335 2534 2386 quo

1482 2400 1800 2451 contendere
1822 2413 1922 2449 non
1945 2398 2109 2464 cupit,
2140 2406 2192 2449 et
2209 2396 2405 2449 fatetur
2423 2411 2534 2448 esso

1482 2478 1782 2529 meliorem.’
1823 2478 1957 2527 Hoec
1979 2478 2206 2527 Servius.
2247 2476 2352 2527 Sed
2376 2477 2537 2527 multo

1483 2556 1663 2605 melius
1686 2556 1887 2605 Festus.
1923 2554 1985 2603 ln
2007 2552 2213 2603 Gra-cia
2234 2560 2408 2602 autem
2431 2568 2539 2603 ma-

1480 2647 1597 2698 nns,
1619 2633 1727 2682 sive
1756 2645 1985 2692 manum,
2007 2631 2131 2680 victi
2152 2630 2353 2695 pugiles
2376 2629 2538 2693 porri-

1484 2710 1695 2775 gebant.
1778 2708 2037 2758 Theocrit.
2078 2706 2159 2757 Id.
2191 2720 2336 2757 xxu.
2371 2707 2463 2757 πᾶς
2496 2706 2538 2755 ὃ·

1485 2788 1562 2839 hl
1597 2789 1741 2850 γαῖαν
1782 2786 1912 2837 Ks‘ir'
1959 2783 2312 2850 ἀλλοφρονέων,
2346 2784 2423 2833 καὶ
2458 2783 2538 2834 ἂν·

1489 2865 1680 2928 ἔσχετο,
1705 2856 2104 2919 νοΐκος”ἆταυδὸν,
2132 2860 2423 2926 Ἀμφοτίρω
2444 2861 2540 2924 ἅμα

1486 2945 1665 3007 χεῖρας.
1731 2941 1793 2991 Id
1818 2947 1915 2997 est,
1949 2947 1964 2970 ⁸
1986 2949 2123 2992 totus
2147 2956 2268 2990 vero
2290 2941 2429 2991 humi
2448 2940 2541 2991 Ja-

1489 3020 1646 3072 cebat
1679 3019 1949 3081 exanimis,
1981 3026 2035 3068 et
2073 3017 2388 3083 porrigebat,
2413 3031 2540 3082 pug-

1489 3112 1571 3146 me
1596 3094 1914 3158 renuntians,
1940 3092 2133 3144 Ambas
2151 3093 2302 3144 simul
2324 3092 2543 3145 manus.’

1490 3171 1596 3222 Ubi
1620 3171 1739 3221 olim
1766 3171 1931 3233 plura.
1971 3169 2094 3218 Duc.

1550 3258 1574 3293 5
1635 3244 1871 3307 Hes-bilis]
1938 3246 2182 3296 Lucillius
2209 3263 2222 3293 =
2279 3255 2293 3277 ⁸
2328 3245 2541 3297 Anseris

1488 3323 1700 3375 herbilis
1719 3325 1892 3373 virum·
1947 3322 2152 3374 citatur
2170 3323 2220 3372 in
2238 3321 2541 3388 fragmentis

1489 3401 1676 3451 Servii.
1706 3400 1811 3448 Jos.
1833 3397 1963 3448 Scal.

1554 3475 1774 3528 Herbilis
1815 3470 1979 3535 unser]
2036 3474 2271 3525 Lucilius
2318 3476 2370 3525 in
2405 3477 2542 3540 frag·

1493 3554 1679 3603 mentis
1706 3553 1867 3603 Servii
1893 3568 1906 3601 ι
1938 3551 1955 3580 ‘
1976 3549 2187 3602 Anseris
2226 3552 2434 3603 herbins
2469 3554 2543 3602 vi·

1492 3629 1613 3681 rus.'
1647 3631 1770 3680 Due.

1556 3717 1577 3742 ²
1610 3703 2052 3769 Heraeus-Iupiter]
2081 3704 2170 3754 Sic
2192 3704 2383 3762 dictus,
2405 3704 2543 3769 quod

1490 3785 1625 3835 intra
1646 3775 1950 3849 'conseptum
1982 3782 2254 3847 parictem,
2289 3781 2374 3848 qui
2409 3781 2545 3845 ἕρκος

1492 3861 1704 3924 dicitur,
1750 3857 2035 3909 colebatur.
2135 3858 2292 3909 Ovid.
2353 3858 2406 3908 in
2463 3857 2545 3910 lb.

1492 3940 1509 3967 ‘
1530 3937 1629 3987 Cui
1663 3935 1785 3986 nibil
1819 3932 1993 3984 hercei
2026 3931 2222 3998 profuit
2246 3946 2336 3982 ara
2362 3933 2548 3986 Jovts:

1491 4012 1724 4074 Ideoque
1743 4005 2140 4064 ‘Domesticus,'
2170 4015 2186 4040 ‘
2203 4008 2471 4073 Cortalis,²
2489 4016 2547 4059 et
2612 4062 2613 4065 ,

1490 4084 1803 4152 ‘Septitius’
1836 4084 2016 4135 Latine
2038 4084 2247 4137 dicitur.
2282 4085 2402 4137 Dae.

1557 4173 1583 4200 ⁸
1614 4163 1866 4227 Hercules]
1901 4161 2063 4228 Atqui
2096 4162 2140 4211 is
2164 4176 2222 4212 se
2244 4159 2454 4212 flammis
2474 4161 2547 4212 in·

1477 4268 1478 4277 κ
1485 4243 1621 4309 jecit
1646 4255 1778 4293 anuo
1797 4247 1918 4291 aute
1936 4237 2195 4291 Christum
2209 4245 2384 4290 ustum
2399 4242 2545 4289 1196.
