<?xml version="1.0" encoding="UTF-8"?>
<!DOCTYPE html PUBLIC "-//W3C//DTD XHTML 1.0 Transitional//EN"
    "http://www.w3.org/TR/xhtml1/DTD/xhtml1-transitional.dtd">
<html xmlns="http://www.w3.org/1999/xhtml" xml:lang="en" lang="en">
 <head>
  <title>
</title>
<meta http-equiv="Content-Type" content="text/html;charset=utf-8" />
  <meta name='ocr-system' content='tesseract 3.04.00' />
  <meta name='ocr-capabilities' content='ocr_page ocr_carea ocr_par ocr_line ocrx_word'/>
</head>
<body>
  <div class='ocr_page' id='page_1' title='image "./mverriiflacciqu03flacgoog_0032.png"; bbox 0 0 3020 4853; ppageno 0'>
   <div class='ocr_carea' id='block_1_1' title="bbox 487 332 1930 402">
    <p class='ocr_par' dir='ltr' id='par_1_1' title="bbox 487 332 1930 402">
     <span class='ocr_line' id='line_1_1' title="bbox 487 332 1930 402; baseline -0.005 -9"><span class='ocrx_word' id='word_1_1' title='bbox 487 334 579 402; x_wconf 79' lang='lat'><strong>26</strong></span> <span class='ocrx_word' id='word_1_2' title='bbox 1229 342 1310 394; x_wconf 75' lang='lat' dir='ltr'><strong>M.</strong></span> <span class='ocrx_word' id='word_1_3' title='bbox 1350 332 1618 393; x_wconf 67' lang='lat' dir='ltr'><strong>vnum!</strong></span> <span class='ocrx_word' id='word_1_4' title='bbox 1669 336 1930 391; x_wconf 73' lang='lat' dir='ltr'><strong>FLAccl</strong></span> 
     </span>
    </p>
   </div>
   <div class='ocr_carea' id='block_1_2' title="bbox 467 484 2670 3790">
    <p class='ocr_par' dir='ltr' id='par_1_2' title="bbox 572 484 1610 577">
     <span class='ocr_line' id='line_1_2' title="bbox 572 484 1610 577; baseline -0.009 -11"><span class='ocrx_word' id='word_1_5' title='bbox 572 498 846 566; x_wconf 88' lang='lat' dir='ltr'><strong>Verrius</strong></span> <span class='ocrx_word' id='word_1_6' title='bbox 872 496 1049 561; x_wconf 88' lang='lat' dir='ltr'><strong>lacte</strong></span> <span class='ocrx_word' id='word_1_7' title='bbox 1079 511 1203 577; x_wconf 89' lang='lat' dir='ltr'><strong>pro</strong></span> <span class='ocrx_word' id='word_1_8' title='bbox 1231 493 1340 558; x_wconf 90' lang='lat' dir='ltr'><strong>lac</strong></span> <span class='ocrx_word' id='word_1_9' title='bbox 1364 484 1610 557; x_wconf 58' lang='lat' dir='ltr'><strong>dicit.r&gt;</strong></span> 
     </span>
    </p>

    <p class='ocr_par' dir='ltr' id='par_1_3' title="bbox 483 586 2670 1103">
     <span class='ocr_line' id='line_1_3' title="bbox 574 586 2669 685; baseline -0.009 -17"><span class='ocrx_word' id='word_1_10' title='bbox 574 600 897 668; x_wconf 86' lang='lat' dir='ltr'><strong>Nonnulli</strong></span> <span class='ocrx_word' id='word_1_11' title='bbox 942 597 1349 685; x_wconf 85' lang='lat' dir='ltr'><strong>synalepbas</strong></span> <span class='ocrx_word' id='word_1_12' title='bbox 1394 614 1657 680; x_wconf 91' lang='lat' dir='ltr'><strong>quoque</strong></span> <span class='ocrx_word' id='word_1_13' title='bbox 1701 591 1881 657; x_wconf 91' lang='lat' dir='ltr'><strong>circa</strong></span> <span class='ocrx_word' id='word_1_14' title='bbox 1925 586 2406 654; x_wconf 84' lang='lat' dir='ltr'><strong>observandam</strong></span> <span class='ocrx_word' id='word_1_15' title='bbox 2454 586 2669 669; x_wconf 55' lang='lat' dir='ltr'><strong>scrip)</strong></span> 
     </span>
     <span class='ocr_line' id='line_1_4' title="bbox 486 689 2666 773; baseline -0.01 0"><span class='ocrx_word' id='word_1_16' title='bbox 486 710 735 773; x_wconf 90' lang='lat' dir='ltr'><strong>tionem</strong></span> <span class='ocrx_word' id='word_1_17' title='bbox 767 704 1310 771; x_wconf 83' lang='lat' dir='ltr'><strong>existimaverant</strong></span> <span class='ocrx_word' id='word_1_18' title='bbox 1337 719 1352 761; x_wconf 76' lang='grc' dir='ltr'><strong><em>ε</em></strong></span> <span class='ocrx_word' id='word_1_19' title='bbox 1398 699 1574 763; x_wconf 85' lang='lat' dir='ltr'><strong>sicut</strong></span> <span class='ocrx_word' id='word_1_20' title='bbox 1596 696 1875 762; x_wconf 88' lang='lat' dir='ltr'><strong>Verrius</strong></span> <span class='ocrx_word' id='word_1_21' title='bbox 1907 693 2225 758; x_wconf 78' lang='lat' dir='ltr'><strong>Flaccus:</strong></span> <span class='ocrx_word' id='word_1_22' title='bbox 2269 696 2342 755; x_wconf 89' lang='lat' dir='ltr'><strong>nt</strong></span> <span class='ocrx_word' id='word_1_23' title='bbox 2364 689 2666 755; x_wconf 87' lang='lat' dir='ltr'><strong>ubicum-</strong></span> 
     </span>
     <span class='ocr_line' id='line_1_5' title="bbox 486 793 2668 896; baseline -0.01 -19"><span class='ocrx_word' id='word_1_24' title='bbox 486 831 618 896; x_wconf 89' lang='lat' dir='ltr'><strong>que</strong></span> <span class='ocrx_word' id='word_1_25' title='bbox 649 810 860 895; x_wconf 89' lang='lat' dir='ltr'><strong>prima</strong></span> <span class='ocrx_word' id='word_1_26' title='bbox 890 826 1030 874; x_wconf 82' lang='lat' dir='ltr'><strong>vox</strong></span> <span class='ocrx_word' id='word_1_27' title='bbox 1062 802 1136 871; x_wconf 88' lang='grc' dir='ltr'><strong>Μ</strong></span> <span class='ocrx_word' id='word_1_28' title='bbox 1178 805 1373 869; x_wconf 91' lang='lat' dir='ltr'><strong>litera</strong></span> <span class='ocrx_word' id='word_1_29' title='bbox 1402 801 1721 879; x_wconf 86' lang='lat' dir='ltr'><strong>finiretur,</strong></span> <span class='ocrx_word' id='word_1_30' title='bbox 1752 817 2049 884; x_wconf 90' lang='lat' dir='ltr'><strong>sequens</strong></span> <span class='ocrx_word' id='word_1_31' title='bbox 2092 816 2137 861; x_wconf 88' lang='lat' dir='ltr'><strong>a</strong></span> <span class='ocrx_word' id='word_1_32' title='bbox 2163 795 2387 861; x_wconf 82' lang='lat' dir='ltr'><strong>vocali</strong></span> <span class='ocrx_word' id='word_1_33' title='bbox 2417 793 2668 877; x_wconf 80' lang='lat' dir='ltr'><strong>incipe·</strong></span> 
     </span>
     <span class='ocr_line' id='line_1_6' title="bbox 483 900 2670 993; baseline -0.009 -14"><span class='ocrx_word' id='word_1_34' title='bbox 483 921 605 993; x_wconf 88' lang='lat' dir='ltr'><strong>ret,</strong></span> <span class='ocrx_word' id='word_1_35' title='bbox 639 913 715 978; x_wconf 90' lang='lat' dir='ltr'>M</span> <span class='ocrx_word' id='word_1_36' title='bbox 746 932 877 978; x_wconf 89' lang='lat' dir='ltr'><strong>non</strong></span> <span class='ocrx_word' id='word_1_37' title='bbox 905 919 1069 990; x_wconf 89' lang='lat' dir='ltr'><strong>tota,</strong></span> <span class='ocrx_word' id='word_1_38' title='bbox 1099 908 1218 974; x_wconf 89' lang='lat' dir='ltr'><strong>sed</strong></span> <span class='ocrx_word' id='word_1_39' title='bbox 1246 927 1404 993; x_wconf 90' lang='lat' dir='ltr'><strong>pars</strong></span> <span class='ocrx_word' id='word_1_40' title='bbox 1433 907 1613 972; x_wconf 86' lang='lat' dir='ltr'><strong>illius</strong></span> <span class='ocrx_word' id='word_1_41' title='bbox 1642 906 1826 991; x_wconf 88' lang='lat' dir='ltr'><strong>prior</strong></span> <span class='ocrx_word' id='word_1_42' title='bbox 1853 909 2104 971; x_wconf 89' lang='lat' dir='ltr'><strong>tautum</strong></span> <span class='ocrx_word' id='word_1_43' title='bbox 2139 900 2559 974; x_wconf 82' lang='lat' dir='ltr'><strong>scriberetur,</strong></span> <span class='ocrx_word' id='word_1_44' title='bbox 2592 900 2670 960; x_wconf 89' lang='lat' dir='ltr'><strong>ut</strong></span> 
     </span>
     <span class='ocr_line' id='line_1_7' title="bbox 487 1011 1634 1103; baseline -0.009 -21"><span class='ocrx_word' id='word_1_45' title='bbox 487 1024 839 1103; x_wconf 83' lang='lat' dir='ltr'>appareret</span> <span class='ocrx_word' id='word_1_46' title='bbox 868 1014 1152 1100; x_wconf 82' lang='lat' dir='ltr'><strong>exprimi</strong></span> <span class='ocrx_word' id='word_1_47' title='bbox 1181 1031 1316 1077; x_wconf 89' lang='lat' dir='ltr'><strong>non</strong></span> <span class='ocrx_word' id='word_1_48' title='bbox 1349 1011 1634 1076; x_wconf 62' lang='lat' dir='ltr'><strong>debere·</strong></span> 
     </span>
    </p>

    <p class='ocr_par' dir='ltr' id='par_1_4' title="bbox 487 1105 2667 1307">
     <span class='ocr_line' id='line_1_8' title="bbox 572 1105 2667 1202; baseline -0.008 -19"><span class='ocrx_word' id='word_1_49' title='bbox 572 1119 892 1185; x_wconf 80' lang='lat' dir='ltr'><strong>Manibus</strong></span> <span class='ocrx_word' id='word_1_50' title='bbox 934 1136 1052 1202; x_wconf 89' lang='lat' dir='ltr'><strong>per</strong></span> <span class='ocrx_word' id='word_1_51' title='bbox 1096 1114 1233 1180; x_wconf 91' lang='lat' dir='ltr'><strong>duo</strong></span> <span class='ocrx_word' id='word_1_52' title='bbox 1277 1114 1314 1179; x_wconf 92' lang='grc' dir='ltr'>Ι</span> <span class='ocrx_word' id='word_1_53' title='bbox 1367 1111 1742 1188; x_wconf 89' lang='lat' dir='ltr'><strong>dicendum,</strong></span> <span class='ocrx_word' id='word_1_54' title='bbox 1772 1111 1932 1196; x_wconf 89' lang='lat' dir='ltr'><strong>quia</strong></span> <span class='ocrx_word' id='word_1_55' title='bbox 1972 1113 2130 1175; x_wconf 87' lang='lat' dir='ltr'><strong>sunt</strong></span> <span class='ocrx_word' id='word_1_56' title='bbox 2157 1127 2197 1173; x_wconf 91' lang='lat' dir='ltr'><strong>a</strong></span> <span class='ocrx_word' id='word_1_57' title='bbox 2226 1105 2563 1183; x_wconf 68' lang='lat' dir='ltr'><strong>mambae,</strong></span> <span class='ocrx_word' id='word_1_58' title='bbox 2592 1106 2667 1168; x_wconf 81' lang='lat' dir='ltr'><strong>ut</strong></span> 
     </span>
     <span class='ocr_line' id='line_1_9' title="bbox 487 1208 2410 1307; baseline -0.009 -18"><span class='ocrx_word' id='word_1_59' title='bbox 487 1243 536 1307; x_wconf 88' lang='lat' dir='ltr'><strong>p</strong></span> <span class='ocrx_word' id='word_1_60' title='bbox 555 1227 708 1288; x_wconf 88' lang='lat' dir='ltr'><strong>utat</strong></span> <span class='ocrx_word' id='word_1_61' title='bbox 733 1220 1027 1288; x_wconf 84' lang='lat' dir='ltr'><strong>Verrius:</strong></span> <span class='ocrx_word' id='word_1_62' title='bbox 1075 1217 1195 1285; x_wconf 89' lang='lat' dir='ltr'><strong>sed</strong></span> <span class='ocrx_word' id='word_1_63' title='bbox 1222 1222 1288 1281; x_wconf 87' lang='lat' dir='ltr'><strong>et</strong></span> <span class='ocrx_word' id='word_1_64' title='bbox 1315 1215 1652 1282; x_wconf 78' lang='lat' dir='ltr'><strong>manubiae</strong></span> <span class='ocrx_word' id='word_1_65' title='bbox 1683 1234 1801 1299; x_wconf 91' lang='lat' dir='ltr'><strong>per</strong></span> <span class='ocrx_word' id='word_1_66' title='bbox 1827 1212 1892 1278; x_wconf 94' lang='lat' dir='ltr'>V</span> <span class='ocrx_word' id='word_1_67' title='bbox 1921 1210 2056 1277; x_wconf 88' lang='lat' dir='ltr'><strong>dici</strong></span> <span class='ocrx_word' id='word_1_68' title='bbox 2084 1208 2410 1295; x_wconf 55' lang='lat' dir='ltr'><strong>possunt}</strong></span> 
     </span>
    </p>

    <p class='ocr_par' dir='ltr' id='par_1_5' title="bbox 480 1312 2667 1496">
     <span class='ocr_line' id='line_1_10' title="bbox 570 1312 2667 1399; baseline -0.009 -7"><span class='ocrx_word' id='word_1_69' title='bbox 570 1326 1045 1392; x_wconf 85' lang='lat' dir='ltr'><strong>Nomenclator</strong></span> <span class='ocrx_word' id='word_1_70' title='bbox 1082 1324 1225 1390; x_wconf 86' lang='lat' dir='ltr'><strong>sine</strong></span> <span class='ocrx_word' id='word_1_71' title='bbox 1253 1318 1321 1386; x_wconf 90' lang='lat' dir='ltr'><strong>V</strong></span> <span class='ocrx_word' id='word_1_72' title='bbox 1357 1320 1625 1399; x_wconf 87' lang='lat' dir='ltr'><strong>dicitur,</strong></span> <span class='ocrx_word' id='word_1_73' title='bbox 1654 1327 1730 1383; x_wconf 88' lang='lat' dir='ltr'><strong>ut</strong></span> <span class='ocrx_word' id='word_1_74' title='bbox 1764 1316 2042 1385; x_wconf 85' lang='lat' dir='ltr'><strong>Verrius</strong></span> <span class='ocrx_word' id='word_1_75' title='bbox 2083 1315 2201 1392; x_wconf 86' lang='lat' dir='ltr'><strong>ait,</strong></span> <span class='ocrx_word' id='word_1_76' title='bbox 2231 1312 2419 1377; x_wconf 86' lang='lat' dir='ltr'><strong>velut</strong></span> <span class='ocrx_word' id='word_1_77' title='bbox 2456 1312 2667 1375; x_wconf 75' lang='lat' dir='ltr'><strong>nomi-</strong></span> 
     </span>
     <span class='ocr_line' id='line_1_11' title="bbox 480 1430 923 1496; baseline -0.003 -1"><span class='ocrx_word' id='word_1_78' title='bbox 480 1430 585 1495; x_wconf 87' lang='lat' dir='ltr'><strong>nis</strong></span> <span class='ocrx_word' id='word_1_79' title='bbox 616 1431 923 1496; x_wconf 61' lang='lat' dir='ltr'><strong>calatorst²</strong></span> 
     </span>
    </p>

    <p class='ocr_par' dir='ltr' id='par_1_6' title="bbox 569 1522 2204 1618">
     <span class='ocr_line' id='line_1_12' title="bbox 569 1522 2204 1618; baseline -0.009 -17"><span class='ocrx_word' id='word_1_80' title='bbox 569 1535 777 1601; x_wconf 89' lang='lat' dir='ltr'><strong>Panis</strong></span> <span class='ocrx_word' id='word_1_81' title='bbox 810 1533 1101 1617; x_wconf 80' lang='lat' dir='ltr'><strong>genitivo</strong></span> <span class='ocrx_word' id='word_1_82' title='bbox 1125 1531 1367 1618; x_wconf 82' lang='lat' dir='ltr'><strong>plurali</strong></span> <span class='ocrx_word' id='word_1_83' title='bbox 1397 1547 1641 1615; x_wconf 89' lang='lat' dir='ltr'><strong>panum</strong></span> <span class='ocrx_word' id='word_1_84' title='bbox 1671 1526 1954 1594; x_wconf 87' lang='lat' dir='ltr'><strong>Verrius</strong></span> <span class='ocrx_word' id='word_1_85' title='bbox 1982 1524 2173 1589; x_wconf 82' lang='lat' dir='ltr'><strong>dixit.</strong></span> <span class='ocrx_word' id='word_1_86' title='bbox 2177 1522 2204 1555; x_wconf 64' lang='lat'><strong>⁹</strong></span> 
     </span>
    </p>

    <p class='ocr_par' dir='ltr' id='par_1_7' title="bbox 486 1622 2667 1824">
     <span class='ocr_line' id='line_1_13' title="bbox 570 1622 2667 1720; baseline -0.005 -20"><span class='ocrx_word' id='word_1_87' title='bbox 570 1636 858 1701; x_wconf 86' lang='lat' dir='ltr'><strong>Polenta</strong></span> <span class='ocrx_word' id='word_1_88' title='bbox 902 1636 1039 1702; x_wconf 89' lang='lat' dir='ltr'><strong>dici</strong></span> <span class='ocrx_word' id='word_1_89' title='bbox 1078 1636 1268 1702; x_wconf 86' lang='lat' dir='ltr'><strong>debet</strong></span> <span class='ocrx_word' id='word_1_90' title='bbox 1306 1654 1425 1720; x_wconf 89' lang='lat' dir='ltr'><strong>per</strong></span> <span class='ocrx_word' id='word_1_91' title='bbox 1455 1634 1540 1713; x_wconf 86' lang='lat' dir='ltr'><strong>O,</strong></span> <span class='ocrx_word' id='word_1_92' title='bbox 1569 1632 1763 1717; x_wconf 86' lang='lat' dir='ltr'><strong>cujus</strong></span> <span class='ocrx_word' id='word_1_93' title='bbox 1796 1629 1890 1696; x_wconf 89' lang='lat' dir='ltr'><strong>rei</strong></span> <span class='ocrx_word' id='word_1_94' title='bbox 1916 1626 2194 1696; x_wconf 89' lang='lat' dir='ltr'><strong>Verrius</strong></span> <span class='ocrx_word' id='word_1_95' title='bbox 2236 1622 2527 1690; x_wconf 82' lang='lat' dir='ltr'><strong>Flaccus</strong></span> <span class='ocrx_word' id='word_1_96' title='bbox 2558 1640 2667 1689; x_wconf 89' lang='lat' dir='ltr'><strong>ra-</strong></span> 
     </span>
     <span class='ocr_line' id='line_1_14' title="bbox 486 1735 2082 1824; baseline -0.005 -19"><span class='ocrx_word' id='word_1_97' title='bbox 486 1741 734 1807; x_wconf 87' lang='lat' dir='ltr'><strong>tionem</strong></span> <span class='ocrx_word' id='word_1_98' title='bbox 765 1738 1008 1818; x_wconf 87' lang='lat' dir='ltr'><strong>reddit,</strong></span> <span class='ocrx_word' id='word_1_99' title='bbox 1042 1739 1221 1824; x_wconf 92' lang='lat' dir='ltr'><strong>quod</strong></span> <span class='ocrx_word' id='word_1_100' title='bbox 1250 1757 1376 1802; x_wconf 87' lang='lat' dir='ltr'><strong>usu</strong></span> <span class='ocrx_word' id='word_1_101' title='bbox 1405 1736 1698 1801; x_wconf 88' lang='lat' dir='ltr'><strong>omnium</strong></span> <span class='ocrx_word' id='word_1_102' title='bbox 1728 1735 2082 1820; x_wconf 55' lang='lat' dir='ltr'><strong>poliaturst&#39;</strong></span> 
     </span>
    </p>

    <p class='ocr_par' dir='ltr' id='par_1_8' title="bbox 481 1830 2670 2218">
     <span class='ocr_line' id='line_1_15' title="bbox 568 1830 2670 1929; baseline -0.007 -21"><span class='ocrx_word' id='word_1_103' title='bbox 568 1842 738 1908; x_wconf 85' lang='lat' dir='ltr'><strong>Cum</strong></span> <span class='ocrx_word' id='word_1_104' title='bbox 770 1849 989 1908; x_wconf 88' lang='lat' dir='ltr'><strong>autem</strong></span> <span class='ocrx_word' id='word_1_105' title='bbox 1018 1842 1177 1929; x_wconf 91' lang='lat' dir='ltr'><strong>quid</strong></span> <span class='ocrx_word' id='word_1_106' title='bbox 1206 1842 1333 1907; x_wconf 88' lang='lat' dir='ltr'><strong>hoc</strong></span> <span class='ocrx_word' id='word_1_107' title='bbox 1359 1847 1464 1906; x_wconf 89' lang='lat' dir='ltr'><strong>est</strong></span> <span class='ocrx_word' id='word_1_108' title='bbox 1484 1840 1776 1905; x_wconf 89' lang='lat' dir='ltr'><strong>hominis</strong></span> <span class='ocrx_word' id='word_1_109' title='bbox 1805 1838 2146 1923; x_wconf 82' lang='lat' dir='ltr'><strong>quaeritur,</strong></span> <span class='ocrx_word' id='word_1_110' title='bbox 2175 1833 2420 1916; x_wconf 88' lang='lat' dir='ltr'><strong>inquit,</strong></span> <span class='ocrx_word' id='word_1_111' title='bbox 2443 1831 2526 1896; x_wconf 90' lang='lat' dir='ltr'><strong>de</strong></span> <span class='ocrx_word' id='word_1_112' title='bbox 2547 1830 2670 1894; x_wconf 80' lang='lat' dir='ltr'><strong>ali·-</strong></span> 
     </span>
     <span class='ocr_line' id='line_1_16' title="bbox 483 1934 2666 2031; baseline -0.007 -20"><span class='ocrx_word' id='word_1_113' title='bbox 483 1946 677 2030; x_wconf 85' lang='lat' dir='ltr'><strong>cujus</strong></span> <span class='ocrx_word' id='word_1_114' title='bbox 705 1963 931 2031; x_wconf 81' lang='lat' dir='ltr'><strong>quaero</strong></span> <span class='ocrx_word' id='word_1_115' title='bbox 961 1944 1249 2010; x_wconf 86' lang='lat' dir='ltr'><strong>hominis</strong></span> <span class='ocrx_word' id='word_1_116' title='bbox 1278 1944 1597 2028; x_wconf 83' lang='lat' dir='ltr'><strong>qualitate</strong></span> <span class='ocrx_word' id='word_1_117' title='bbox 1620 1939 1661 1981; x_wconf 81' lang='lat'>¹¹¹¹</span> <span class='ocrx_word' id='word_1_118' title='bbox 1706 1942 1818 2026; x_wconf 93' lang='lat' dir='ltr'><strong>qui</strong></span> <span class='ocrx_word' id='word_1_119' title='bbox 1848 1958 2123 2006; x_wconf 89' lang='lat' dir='ltr'><strong>necesse</strong></span> <span class='ocrx_word' id='word_1_120' title='bbox 2157 1934 2306 2001; x_wconf 69' lang='lat' dir='ltr'><strong>sit*⁸¹¹</strong></span> <span class='ocrx_word' id='word_1_121' title='bbox 2351 1935 2461 2000; x_wconf 90' lang='lat' dir='ltr'><strong>hic</strong></span> <span class='ocrx_word' id='word_1_122' title='bbox 2490 1950 2666 1998; x_wconf 88' lang='lat' dir='ltr'><strong>mas-</strong></span> 
     </span>
     <span class='ocr_line' id='line_1_17' title="bbox 488 2036 2668 2135; baseline -0.006 -21"><span class='ocrx_word' id='word_1_123' title='bbox 488 2051 705 2135; x_wconf 84' lang='lat' dir='ltr'><strong>culine</strong></span> <span class='ocrx_word' id='word_1_124' title='bbox 735 2048 1051 2115; x_wconf 87' lang='lat' dir='ltr'><strong>dicendus</strong></span> <span class='ocrx_word' id='word_1_125' title='bbox 1077 2055 1200 2129; x_wconf 87' lang='lat' dir='ltr'><strong>est,</strong></span> <span class='ocrx_word' id='word_1_126' title='bbox 1229 2055 1307 2113; x_wconf 90' lang='lat' dir='ltr'><strong>ut</strong></span> <span class='ocrx_word' id='word_1_127' title='bbox 1337 2046 1613 2113; x_wconf 84' lang='lat' dir='ltr'><strong>Verrius</strong></span> <span class='ocrx_word' id='word_1_128' title='bbox 1644 2048 1778 2112; x_wconf 88' lang='lat' dir='ltr'><strong>ait:</strong></span> <span class='ocrx_word' id='word_1_129' title='bbox 1828 2045 2143 2130; x_wconf 88' lang='lat' dir='ltr'><strong>quoniam</strong></span> <span class='ocrx_word' id='word_1_130' title='bbox 2174 2046 2404 2105; x_wconf 87' lang='lat' dir='ltr'><strong>neutra</strong></span> <span class='ocrx_word' id='word_1_131' title='bbox 2432 2040 2502 2103; x_wconf 90' lang='lat' dir='ltr'><strong>in</strong></span> <span class='ocrx_word' id='word_1_132' title='bbox 2534 2036 2569 2102; x_wconf 90' lang='lat'>1</span> <span class='ocrx_word' id='word_1_133' title='bbox 2599 2043 2668 2102; x_wconf 85' lang='lat' dir='ltr'><strong>et</strong></span> 
     </span>
     <span class='ocr_line' id='line_1_18' title="bbox 481 2152 1205 2218; baseline 0 -2"><span class='ocrx_word' id='word_1_134' title='bbox 481 2152 551 2216; x_wconf 90' lang='lat' dir='ltr'><strong>in</strong></span> <span class='ocrx_word' id='word_1_135' title='bbox 582 2152 700 2218; x_wconf 90' lang='lat' dir='ltr'><strong>VS</strong></span> <span class='ocrx_word' id='word_1_136' title='bbox 733 2171 873 2218; x_wconf 89' lang='lat' dir='ltr'><strong>non</strong></span> <span class='ocrx_word' id='word_1_137' title='bbox 902 2158 1205 2218; x_wconf 83' lang='lat' dir='ltr'><strong>exeunt.¹</strong></span> 
     </span>
    </p>

    <p class='ocr_par' dir='ltr' id='par_1_9' title="bbox 566 2254 2026 2340">
     <span class='ocr_line' id='line_1_19' title="bbox 566 2254 2026 2340; baseline -0.001 -21"><span class='ocrx_word' id='word_1_138' title='bbox 566 2254 685 2319; x_wconf 88' lang='lat' dir='ltr'><strong>Sal</strong></span> <span class='ocrx_word' id='word_1_139' title='bbox 710 2261 935 2320; x_wconf 88' lang='lat' dir='ltr'><strong>neutro</strong></span> <span class='ocrx_word' id='word_1_140' title='bbox 958 2274 1194 2338; x_wconf 88' lang='lat' dir='ltr'><strong>genere</strong></span> <span class='ocrx_word' id='word_1_141' title='bbox 1222 2254 1467 2320; x_wconf 91' lang='lat' dir='ltr'><strong>Verrio</strong></span> <span class='ocrx_word' id='word_1_142' title='bbox 1495 2256 1692 2321; x_wconf 88' lang='lat' dir='ltr'><strong>etiam</strong></span> <span class='ocrx_word' id='word_1_143' title='bbox 1717 2255 1990 2340; x_wconf 85' lang='lat' dir='ltr'><strong>placuit.</strong></span> <span class='ocrx_word' id='word_1_144' title='bbox 1996 2255 2026 2299; x_wconf 55' lang='grc' dir='ltr'><em>Υ</em></span> 
     </span>
    </p>

    <p class='ocr_par' dir='ltr' id='par_1_10' title="bbox 475 2350 2661 2541">
     <span class='ocr_line' id='line_1_20' title="bbox 564 2350 2661 2447; baseline -0.005 -23"><span class='ocrx_word' id='word_1_145' title='bbox 564 2358 938 2447; x_wconf 85' lang='lat' dir='ltr'><strong>Porphyrio</strong></span> <span class='ocrx_word' id='word_1_146' title='bbox 968 2380 1051 2425; x_wconf 84' lang='lat' dir='ltr'><strong>ex</strong></span> <span class='ocrx_word' id='word_1_147' title='bbox 1084 2358 1328 2426; x_wconf 88' lang='lat' dir='ltr'><strong>Verrio</strong></span> <span class='ocrx_word' id='word_1_148' title='bbox 1367 2363 1433 2424; x_wconf 86' lang='lat' dir='ltr'><strong>et</strong></span> <span class='ocrx_word' id='word_1_149' title='bbox 1463 2359 1697 2440; x_wconf 81' lang='lat' dir='ltr'><strong>Festo,</strong></span> <span class='ocrx_word' id='word_1_150' title='bbox 1728 2362 1797 2425; x_wconf 90' lang='lat' dir='ltr'><strong>in</strong></span> <span class='ocrx_word' id='word_1_151' title='bbox 1830 2354 2286 2442; x_wconf 80' lang='lat' dir='ltr'><strong>auguralibuS,</strong></span> <span class='ocrx_word' id='word_1_152' title='bbox 2312 2350 2549 2437; x_wconf 88' lang='lat' dir='ltr'><strong>inquit,</strong></span> <span class='ocrx_word' id='word_1_153' title='bbox 2580 2351 2661 2415; x_wconf 89' lang='lat' dir='ltr'><strong>li-</strong></span> 
     </span>
     <span class='ocr_line' id='line_1_21' title="bbox 475 2463 1652 2543; baseline 0 -16"><span class='ocrx_word' id='word_1_154' title='bbox 475 2463 614 2529; x_wconf 87' lang='lat' dir='ltr'><strong>bris</strong></span> <span class='ocrx_word' id='word_1_155' title='bbox 643 2466 741 2530; x_wconf 88' lang='lat' dir='ltr'><strong>ita</strong></span> <span class='ocrx_word' id='word_1_156' title='bbox 773 2470 896 2543; x_wconf 87' lang='lat' dir='ltr'><strong>est,</strong></span> <span class='ocrx_word' id='word_1_157' title='bbox 929 2481 1129 2531; x_wconf 73' lang='lat' dir='ltr'><strong>sANn</strong></span> <span class='ocrx_word' id='word_1_158' title='bbox 1153 2471 1652 2541; x_wconf 50' lang='lat' dir='ltr'><strong>sitnm-noun!</strong></span> 
     </span>
    </p>

    <p class='ocr_par' dir='ltr' id='par_1_11' title="bbox 471 2560 2669 3374">
     <span class='ocr_line' id='line_1_22' title="bbox 563 2560 2669 2652; baseline -0.003 -22"><span class='ocrx_word' id='word_1_159' title='bbox 563 2566 784 2632; x_wconf 89' lang='lat' dir='ltr'><strong>Verrii</strong></span> <span class='ocrx_word' id='word_1_160' title='bbox 817 2567 1043 2633; x_wconf 86' lang='lat' dir='ltr'><strong>Flacci</strong></span> <span class='ocrx_word' id='word_1_161' title='bbox 1068 2569 1320 2652; x_wconf 85' lang='lat' dir='ltr'><strong>scripta</strong></span> <span class='ocrx_word' id='word_1_162' title='bbox 1349 2567 1434 2632; x_wconf 89' lang='lat' dir='ltr'><strong>ad</strong></span> <span class='ocrx_word' id='word_1_163' title='bbox 1459 2568 1585 2634; x_wconf 90' lang='lat' dir='ltr'><strong>hoc</strong></span> <span class='ocrx_word' id='word_1_164' title='bbox 1617 2586 1821 2651; x_wconf 87' lang='lat' dir='ltr'><strong>genus</strong></span> <span class='ocrx_word' id='word_1_165' title='bbox 1847 2561 2244 2649; x_wconf 82' lang='lat' dir='ltr'><strong>quaestionis</strong></span> <span class='ocrx_word' id='word_1_166' title='bbox 2274 2560 2669 2646; x_wconf 81' lang='lat' dir='ltr'><strong>pertinentia</strong></span> 
     </span>
     <span class='ocr_line' id='line_1_23' title="bbox 477 2665 2662 2754; baseline -0.002 -23"><span class='ocrx_word' id='word_1_167' title='bbox 477 2667 625 2734; x_wconf 85' lang='lat' dir='ltr'><strong>haec</strong></span> <span class='ocrx_word' id='word_1_168' title='bbox 663 2668 944 2734; x_wconf 69' lang='lat' dir='ltr'><strong>fuerunt.</strong></span> <span class='ocrx_word' id='word_1_169' title='bbox 1033 2670 1343 2734; x_wconf 88' lang='lat' dir='ltr'><strong>Senatum</strong></span> <span class='ocrx_word' id='word_1_170' title='bbox 1374 2669 1508 2735; x_wconf 88' lang='lat' dir='ltr'><strong>dici</strong></span> <span class='ocrx_word' id='word_1_171' title='bbox 1546 2677 1615 2735; x_wconf 87' lang='lat' dir='ltr'><strong>et</strong></span> <span class='ocrx_word' id='word_1_172' title='bbox 1652 2689 1775 2754; x_wconf 92' lang='lat' dir='ltr'><strong>pro</strong></span> <span class='ocrx_word' id='word_1_173' title='bbox 1804 2669 1980 2746; x_wconf 88' lang='lat' dir='ltr'><strong>loco,</strong></span> <span class='ocrx_word' id='word_1_174' title='bbox 2010 2675 2075 2734; x_wconf 91' lang='lat' dir='ltr'><strong>et</strong></span> <span class='ocrx_word' id='word_1_175' title='bbox 2113 2681 2234 2753; x_wconf 89' lang='lat' dir='ltr'><strong>pro</strong></span> <span class='ocrx_word' id='word_1_176' title='bbox 2264 2665 2662 2742; x_wconf 88' lang='lat' dir='ltr'><strong>hominibus,</strong></span> 
     </span>
     <span class='ocr_line' id='line_1_24' title="bbox 478 2767 2668 2857; baseline -0.002 -23"><span class='ocrx_word' id='word_1_177' title='bbox 478 2770 825 2837; x_wconf 88' lang='lat' dir='ltr'><strong>civitatem</strong></span> <span class='ocrx_word' id='word_1_178' title='bbox 853 2779 919 2838; x_wconf 90' lang='lat' dir='ltr'><strong>et</strong></span> <span class='ocrx_word' id='word_1_179' title='bbox 947 2791 1066 2857; x_wconf 90' lang='lat' dir='ltr'><strong>pro</strong></span> <span class='ocrx_word' id='word_1_180' title='bbox 1088 2770 1272 2854; x_wconf 87' lang='lat' dir='ltr'><strong>loco,</strong></span> <span class='ocrx_word' id='word_1_181' title='bbox 1304 2777 1374 2837; x_wconf 86' lang='lat' dir='ltr'><strong>et</strong></span> <span class='ocrx_word' id='word_1_182' title='bbox 1401 2772 1698 2856; x_wconf 91' lang='lat' dir='ltr'><strong>oppido:</strong></span> <span class='ocrx_word' id='word_1_183' title='bbox 1744 2777 1812 2835; x_wconf 85' lang='lat' dir='ltr'><strong>et</strong></span> <span class='ocrx_word' id='word_1_184' title='bbox 1836 2790 1959 2856; x_wconf 90' lang='lat' dir='ltr'><strong>pro</strong></span> <span class='ocrx_word' id='word_1_185' title='bbox 1978 2771 2128 2855; x_wconf 88' lang='lat' dir='ltr'><strong>jure</strong></span> <span class='ocrx_word' id='word_1_186' title='bbox 2158 2786 2425 2854; x_wconf 83' lang='lat' dir='ltr'><strong>quoque</strong></span> <span class='ocrx_word' id='word_1_187' title='bbox 2452 2767 2668 2832; x_wconf 73' lang='lat' dir='ltr'><strong>homi-</strong></span> 
     </span>
     <span class='ocr_line' id='line_1_25' title="bbox 471 2870 2662 2959; baseline -0.001 -22"><span class='ocrx_word' id='word_1_188' title='bbox 471 2893 653 2954; x_wconf 90' lang='lat' dir='ltr'><strong>num,</strong></span> <span class='ocrx_word' id='word_1_189' title='bbox 684 2880 750 2939; x_wconf 90' lang='lat' dir='ltr'><strong>et</strong></span> <span class='ocrx_word' id='word_1_190' title='bbox 780 2894 902 2959; x_wconf 91' lang='lat' dir='ltr'><strong>pro</strong></span> <span class='ocrx_word' id='word_1_191' title='bbox 931 2873 1270 2939; x_wconf 90' lang='lat' dir='ltr'><strong>hominum</strong></span> <span class='ocrx_word' id='word_1_192' title='bbox 1318 2874 1775 2940; x_wconf 87' lang='lat' dir='ltr'><strong>multitudine:</strong></span> <span class='ocrx_word' id='word_1_193' title='bbox 1820 2875 2031 2940; x_wconf 86' lang='lat' dir='ltr'><strong>tribus</strong></span> <span class='ocrx_word' id='word_1_194' title='bbox 2059 2892 2325 2959; x_wconf 87' lang='lat' dir='ltr'><strong>quoque</strong></span> <span class='ocrx_word' id='word_1_195' title='bbox 2362 2878 2430 2938; x_wconf 85' lang='lat' dir='ltr'><strong>et</strong></span> <span class='ocrx_word' id='word_1_196' title='bbox 2454 2870 2662 2935; x_wconf 83' lang='lat' dir='ltr'><strong>decu·</strong></span> 
     </span>
     <span class='ocr_line' id='line_1_26' title="bbox 473 2976 2663 3064; baseline -0.001 -22"><span class='ocrx_word' id='word_1_197' title='bbox 473 2976 609 3042; x_wconf 89' lang='lat' dir='ltr'><strong>rias</strong></span> <span class='ocrx_word' id='word_1_198' title='bbox 633 2977 792 3057; x_wconf 90' lang='lat' dir='ltr'><strong>dici,</strong></span> <span class='ocrx_word' id='word_1_199' title='bbox 814 2984 884 3045; x_wconf 84' lang='lat' dir='ltr'><strong>et</strong></span> <span class='ocrx_word' id='word_1_200' title='bbox 905 2998 1026 3063; x_wconf 91' lang='lat' dir='ltr'><strong>pro</strong></span> <span class='ocrx_word' id='word_1_201' title='bbox 1056 2979 1230 3054; x_wconf 86' lang='lat' dir='ltr'><strong>loco,</strong></span> <span class='ocrx_word' id='word_1_202' title='bbox 1259 2985 1329 3044; x_wconf 89' lang='lat' dir='ltr'><strong>et</strong></span> <span class='ocrx_word' id='word_1_203' title='bbox 1356 2998 1480 3063; x_wconf 91' lang='lat' dir='ltr'><strong>pro</strong></span> <span class='ocrx_word' id='word_1_204' title='bbox 1499 2978 1679 3063; x_wconf 88' lang='lat' dir='ltr'><strong>jure,</strong></span> <span class='ocrx_word' id='word_1_205' title='bbox 1711 2988 1779 3046; x_wconf 87' lang='lat' dir='ltr'><strong>et</strong></span> <span class='ocrx_word' id='word_1_206' title='bbox 1801 2995 1924 3064; x_wconf 89' lang='lat' dir='ltr'><strong>pro</strong></span> <span class='ocrx_word' id='word_1_207' title='bbox 1943 2979 2365 3044; x_wconf 84' lang='lat' dir='ltr'><strong>hominibus:</strong></span> <span class='ocrx_word' id='word_1_208' title='bbox 2399 2976 2663 3043; x_wconf 85' lang='lat' dir='ltr'><strong>concio-</strong></span> 
     </span>
     <span class='ocr_line' id='line_1_27' title="bbox 472 3080 2659 3167; baseline 0.001 -25"><span class='ocrx_word' id='word_1_209' title='bbox 472 3099 628 3145; x_wconf 88' lang='lat' dir='ltr'><strong>nem</strong></span> <span class='ocrx_word' id='word_1_210' title='bbox 658 3087 878 3146; x_wconf 89' lang='lat' dir='ltr'><strong>autem</strong></span> <span class='ocrx_word' id='word_1_211' title='bbox 905 3081 1030 3145; x_wconf 85' lang='lat' dir='ltr'><strong>tria</strong></span> <span class='ocrx_word' id='word_1_212' title='bbox 1061 3080 1463 3162; x_wconf 86' lang='lat' dir='ltr'><strong>significare,</strong></span> <span class='ocrx_word' id='word_1_213' title='bbox 1488 3082 1741 3163; x_wconf 87' lang='lat' dir='ltr'><strong>locum,</strong></span> <span class='ocrx_word' id='word_1_214' title='bbox 1772 3087 2287 3167; x_wconf 82' lang='lat' dir='ltr'><strong>suggestumque</strong></span> <span class='ocrx_word' id='word_1_215' title='bbox 2311 3081 2486 3146; x_wconf 87' lang='lat' dir='ltr'><strong>unde</strong></span> <span class='ocrx_word' id='word_1_216' title='bbox 2512 3099 2659 3146; x_wconf 83' lang='lat' dir='ltr'><strong>ver-</strong></span> 
     </span>
     <span class='ocr_line' id='line_1_28' title="bbox 472 3182 2662 3271; baseline 0.001 -25"><span class='ocrx_word' id='word_1_217' title='bbox 472 3182 559 3246; x_wconf 90' lang='lat' dir='ltr'><strong>ba</strong></span> <span class='ocrx_word' id='word_1_218' title='bbox 583 3183 852 3264; x_wconf 84' lang='lat' dir='ltr'><strong>fierent3</strong></span> <span class='ocrx_word' id='word_1_219' title='bbox 914 3185 1070 3249; x_wconf 89' lang='lat' dir='ltr'><strong>item</strong></span> <span class='ocrx_word' id='word_1_220' title='bbox 1102 3185 1471 3269; x_wconf 86' lang='lat' dir='ltr'><strong>significare</strong></span> <span class='ocrx_word' id='word_1_221' title='bbox 1493 3194 1740 3252; x_wconf 85' lang='lat' dir='ltr'><strong>coetum</strong></span> <span class='ocrx_word' id='word_1_222' title='bbox 1770 3187 1996 3271; x_wconf 91' lang='lat' dir='ltr'><strong>populi</strong></span> <span class='ocrx_word' id='word_1_223' title='bbox 2030 3186 2450 3264; x_wconf 73' lang='lat' dir='ltr'><strong>assistentis:</strong></span> <span class='ocrx_word' id='word_1_224' title='bbox 2501 3185 2662 3250; x_wconf 87' lang='lat' dir='ltr'><strong>item</strong></span> 
     </span>
     <span class='ocr_line' id='line_1_29' title="bbox 473 3288 2185 3374; baseline 0 -23"><span class='ocrx_word' id='word_1_225' title='bbox 473 3288 840 3353; x_wconf 88' lang='lat' dir='ltr'><strong>orationem</strong></span> <span class='ocrx_word' id='word_1_226' title='bbox 870 3288 1116 3371; x_wconf 87' lang='lat' dir='ltr'><strong>ipsam,</strong></span> <span class='ocrx_word' id='word_1_227' title='bbox 1146 3307 1300 3373; x_wconf 83' lang='lat' dir='ltr'><strong>quae</strong></span> <span class='ocrx_word' id='word_1_228' title='bbox 1333 3289 1420 3354; x_wconf 91' lang='lat' dir='ltr'><strong>ad</strong></span> <span class='ocrx_word' id='word_1_229' title='bbox 1452 3291 1777 3374; x_wconf 87' lang='lat' dir='ltr'><strong>populum</strong></span> <span class='ocrx_word' id='word_1_230' title='bbox 1806 3288 2185 3354; x_wconf 73' lang='lat' dir='ltr'><strong>diceretur-‚⁸</strong></span> 
     </span>
    </p>

    <p class='ocr_par' dir='ltr' id='par_1_12' title="bbox 467 3390 2662 3790">
     <span class='ocr_line' id='line_1_30' title="bbox 554 3390 2662 3478; baseline 0.002 -24"><span class='ocrx_word' id='word_1_231' title='bbox 554 3390 795 3457; x_wconf 89' lang='lat' dir='ltr'><strong>Verrio</strong></span> <span class='ocrx_word' id='word_1_232' title='bbox 825 3390 1073 3457; x_wconf 89' lang='lat' dir='ltr'><strong>Flacco</strong></span> <span class='ocrx_word' id='word_1_233' title='bbox 1106 3390 1364 3458; x_wconf 85' lang='lat' dir='ltr'><strong>videtur</strong></span> <span class='ocrx_word' id='word_1_234' title='bbox 1405 3392 1687 3458; x_wconf 90' lang='lat' dir='ltr'><strong>eandem</strong></span> <span class='ocrx_word' id='word_1_235' title='bbox 1730 3413 1879 3458; x_wconf 86' lang='lat' dir='ltr'><strong>esse</strong></span> <span class='ocrx_word' id='word_1_236' title='bbox 1924 3392 2105 3478; x_wconf 91' lang='lat' dir='ltr'><strong>apud</strong></span> <span class='ocrx_word' id='word_1_237' title='bbox 2143 3412 2271 3460; x_wconf 91' lang='lat' dir='ltr'><strong>nos</strong></span> <span class='ocrx_word' id='word_1_238' title='bbox 2301 3391 2370 3456; x_wconf 91' lang='lat' dir='ltr'><strong>V</strong></span> <span class='ocrx_word' id='word_1_239' title='bbox 2399 3392 2662 3458; x_wconf 85' lang='lat' dir='ltr'><strong>literam</strong></span> 
     </span>
     <span class='ocr_line' id='line_1_31' title="bbox 469 3494 2655 3582; baseline -0 -21"><span class='ocrx_word' id='word_1_240' title='bbox 469 3514 621 3579; x_wconf 86' lang='lat' dir='ltr'><strong>quae</strong></span> <span class='ocrx_word' id='word_1_241' title='bbox 650 3494 830 3578; x_wconf 88' lang='lat' dir='ltr'><strong>apud</strong></span> <span class='ocrx_word' id='word_1_242' title='bbox 857 3494 1139 3560; x_wconf 84' lang='lat' dir='ltr'><strong>Graecos</strong></span> <span class='ocrx_word' id='word_1_243' title='bbox 1169 3495 1281 3578; x_wconf 85' lang='lat' dir='ltr'><strong>Y;</strong></span> <span class='ocrx_word' id='word_1_244' title='bbox 1319 3514 1605 3582; x_wconf 90' lang='lat' dir='ltr'><strong>namque</strong></span> <span class='ocrx_word' id='word_1_245' title='bbox 1628 3497 1735 3562; x_wconf 88' lang='lat' dir='ltr'><strong>his</strong></span> <span class='ocrx_word' id='word_1_246' title='bbox 1764 3498 2099 3582; x_wconf 81' lang='lat' dir='ltr'><strong>exemplis</strong></span> <span class='ocrx_word' id='word_1_247' title='bbox 2129 3501 2655 3580; x_wconf 84' lang='lat' dir='ltr'><strong>argumentatur:</strong></span> 
     </span>
     <span class='ocr_line' id='line_1_32' title="bbox 470 3596 2652 3684; baseline 0 -23"><span class='ocrx_word' id='word_1_248' title='bbox 470 3597 648 3684; x_wconf 91' lang='lat' dir='ltr'><strong>quod</strong></span> <span class='ocrx_word' id='word_1_249' title='bbox 676 3597 775 3661; x_wconf 90' lang='lat' dir='ltr'><strong>illi</strong></span> <span class='ocrx_word' id='word_1_250' title='bbox 807 3599 1041 3662; x_wconf 88' lang='lat' dir='ltr'><strong>dicunt</strong></span> <span class='ocrx_word' id='word_1_251' title='bbox 1080 3596 1322 3680; x_wconf 78' lang='grc' dir='ltr'><strong><em>κύμινον,</em></strong></span> <span class='ocrx_word' id='word_1_252' title='bbox 1362 3615 1491 3664; x_wconf 84' lang='lat' dir='ltr'><strong>nos</strong></span> <span class='ocrx_word' id='word_1_253' title='bbox 1528 3602 1883 3677; x_wconf 90' lang='lat' dir='ltr'><strong>cuminum,</strong></span> <span class='ocrx_word' id='word_1_254' title='bbox 1926 3619 2126 3683; x_wconf 91' lang='lat' dir='ltr'><strong>quam</strong></span> <span class='ocrx_word' id='word_1_255' title='bbox 2157 3599 2254 3665; x_wconf 90' lang='lat' dir='ltr'><strong>illi</strong></span> <span class='ocrx_word' id='word_1_256' title='bbox 2282 3596 2652 3684; x_wconf 71' lang='grc' dir='ltr'><strong>κυπάρισσον,</strong></span> 
     </span>
     <span class='ocr_line' id='line_1_33' title="bbox 467 3702 2648 3790; baseline 0 -25"><span class='ocrx_word' id='word_1_257' title='bbox 467 3722 591 3767; x_wconf 90' lang='lat' dir='ltr'><strong>nos</strong></span> <span class='ocrx_word' id='word_1_258' title='bbox 623 3720 1056 3785; x_wconf 89' lang='lat' dir='ltr'><strong>cupressum:</strong></span> <span class='ocrx_word' id='word_1_259' title='bbox 1099 3702 1201 3767; x_wconf 88' lang='lat' dir='ltr'><strong>illi</strong></span> <span class='ocrx_word' id='word_1_260' title='bbox 1233 3702 1586 3790; x_wconf 77' lang='grc' dir='ltr'><strong><em>κυβερνήτην,</em></strong></span> <span class='ocrx_word' id='word_1_261' title='bbox 1633 3724 1754 3769; x_wconf 90' lang='lat' dir='ltr'><strong>nos</strong></span> <span class='ocrx_word' id='word_1_262' title='bbox 1787 3704 2343 3787; x_wconf 85' lang='lat' dir='ltr'><strong>gubernatorem:</strong></span> <span class='ocrx_word' id='word_1_263' title='bbox 2388 3721 2648 3768; x_wconf 86' lang='lat' dir='ltr'><strong>necnon</strong></span> 
     </span>
    </p>
   </div>
   <div class='ocr_carea' id='block_1_3' title="bbox 526 3985 1952 4198">
    <p class='ocr_par' dir='ltr' id='par_1_13' title="bbox 526 3985 1952 4198">
     <span class='ocr_line' id='line_1_34' title="bbox 532 3985 1952 4040; baseline 0.001 -6"><span class='ocrx_word' id='word_1_264' title='bbox 532 3991 552 4016; x_wconf 63' lang='lat'><em>³</em></span> <span class='ocrx_word' id='word_1_265' title='bbox 584 3985 664 4034; x_wconf 78' lang='lat' dir='ltr'><strong>Ex</strong></span> <span class='ocrx_word' id='word_1_266' title='bbox 687 3985 804 4038; x_wconf 79' lang='lat' dir='ltr'><strong>eod.</strong></span> <span class='ocrx_word' id='word_1_267' title='bbox 821 3985 913 4038; x_wconf 87' lang='lat' dir='ltr'><strong>lib.</strong></span> <span class='ocrx_word' id='word_1_268' title='bbox 1664 3998 1696 4023; x_wconf 74' lang='lat'><strong>&#39;¹</strong></span> <span class='ocrx_word' id='word_1_269' title='bbox 1731 3990 1812 4040; x_wconf 78' lang='lat' dir='ltr'><strong>Ex</strong></span> <span class='ocrx_word' id='word_1_270' title='bbox 1835 3987 1952 4039; x_wconf 83' lang='lat' dir='ltr'><strong>eod.</strong></span> 
     </span>
     <span class='ocr_line' id='line_1_35' title="bbox 531 4061 1951 4134; baseline 0.008 -24"><span class='ocrx_word' id='word_1_271' title='bbox 531 4069 549 4094; x_wconf 79' lang='lat'>⁸</span> <span class='ocrx_word' id='word_1_272' title='bbox 583 4061 661 4112; x_wconf 85' lang='lat' dir='ltr'><strong>Ex</strong></span> <span class='ocrx_word' id='word_1_273' title='bbox 684 4063 838 4114; x_wconf 84' lang='lat' dir='ltr'><strong>Velio</strong></span> <span class='ocrx_word' id='word_1_274' title='bbox 863 4066 1037 4130; x_wconf 83' lang='lat' dir='ltr'><strong>Longo</strong></span> <span class='ocrx_word' id='word_1_275' title='bbox 1061 4065 1126 4118; x_wconf 83' lang='lat' dir='ltr'><strong>de</strong></span> <span class='ocrx_word' id='word_1_276' title='bbox 1150 4065 1368 4134; x_wconf 77' lang='lat' dir='ltr'><strong>Orthog.</strong></span> <span class='ocrx_word' id='word_1_277' title='bbox 1667 4075 1692 4100; x_wconf 87' lang='lat'>¹</span> <span class='ocrx_word' id='word_1_278' title='bbox 1730 4068 1806 4116; x_wconf 83' lang='lat' dir='ltr'><strong>Ex</strong></span> <span class='ocrx_word' id='word_1_279' title='bbox 1832 4065 1951 4118; x_wconf 81' lang='lat' dir='ltr'><strong>eod·</strong></span> 
     </span>
     <span class='ocr_line' id='line_1_36' title="bbox 526 4140 1943 4198; baseline 0.004 -11"><span class='ocrx_word' id='word_1_280' title='bbox 526 4141 543 4173; x_wconf 72' lang='lat'>‘</span> <span class='ocrx_word' id='word_1_281' title='bbox 579 4140 656 4188; x_wconf 81' lang='lat' dir='ltr'><strong>Ex</strong></span> <span class='ocrx_word' id='word_1_282' title='bbox 680 4141 878 4194; x_wconf 77' lang='lat' dir='ltr'><strong>Charis.</strong></span> <span class='ocrx_word' id='word_1_283' title='bbox 898 4144 986 4198; x_wconf 86' lang='lat' dir='ltr'><strong>lib.</strong></span> <span class='ocrx_word' id='word_1_284' title='bbox 1012 4158 1050 4195; x_wconf 87' lang='lat'><strong>1.</strong></span> <span class='ocrx_word' id='word_1_285' title='bbox 1664 4155 1685 4190; x_wconf 74' lang='lat'>5</span> <span class='ocrx_word' id='word_1_286' title='bbox 1722 4146 1801 4195; x_wconf 80' lang='lat' dir='ltr'><strong>Ex</strong></span> <span class='ocrx_word' id='word_1_287' title='bbox 1825 4144 1943 4195; x_wconf 84' lang='lat' dir='ltr'><strong>eod.</strong></span> 
     </span>
    </p>
   </div>
   <div class='ocr_carea' id='block_1_4' title="bbox 530 4179 2482 4374">
    <p class='ocr_par' dir='ltr' id='par_1_14' title="bbox 530 4179 2482 4374">
     <span class='ocr_line' id='line_1_37' title="bbox 531 4179 2137 4271; baseline 0 -5"><span class='ocrx_word' id='word_1_288' title='bbox 531 4224 554 4248; x_wconf 83' lang='lat'><strong>¹¹</strong></span> <span class='ocrx_word' id='word_1_289' title='bbox 588 4216 667 4266; x_wconf 80' lang='lat' dir='ltr'><strong>Ex</strong></span> <span class='ocrx_word' id='word_1_290' title='bbox 691 4218 807 4266; x_wconf 88' lang='lat' dir='ltr'><strong>eod.</strong></span> <span class='ocrx_word' id='word_1_291' title='bbox 1098 4211 1099 4214; x_wconf 48' lang='lat'>&#39;</span> <span class='ocrx_word' id='word_1_292' title='bbox 1662 4229 1682 4254; x_wconf 79' lang='lat'>⁸</span> <span class='ocrx_word' id='word_1_293' title='bbox 1716 4223 1795 4271; x_wconf 80' lang='lat' dir='ltr'><strong>Ex</strong></span> <span class='ocrx_word' id='word_1_294' title='bbox 1819 4219 1938 4270; x_wconf 84' lang='lat' dir='ltr'><strong>eod.</strong></span> <span class='ocrx_word' id='word_1_295' title='bbox 1962 4219 2052 4268; x_wconf 89' lang='lat' dir='ltr'><strong>lib.</strong></span> <span class='ocrx_word' id='word_1_296' title='bbox 2075 4179 2137 4267; x_wconf 73' lang='lat' dir='ltr'><strong>rr.</strong></span> 
     </span>
     <span class='ocr_line' id='line_1_38' title="bbox 530 4277 2482 4374; baseline 0.004 -32"><span class='ocrx_word' id='word_1_297' title='bbox 530 4299 554 4325; x_wconf 82' lang='lat'>&#39;</span> <span class='ocrx_word' id='word_1_298' title='bbox 586 4292 665 4343; x_wconf 81' lang='lat' dir='ltr'><strong>Ex</strong></span> <span class='ocrx_word' id='word_1_299' title='bbox 690 4293 806 4343; x_wconf 81' lang='lat' dir='ltr'><strong>eod.</strong></span> <span class='ocrx_word' id='word_1_300' title='bbox 1660 4307 1684 4334; x_wconf 79' lang='lat'>⁸</span> <span class='ocrx_word' id='word_1_301' title='bbox 1718 4299 1795 4350; x_wconf 78' lang='lat' dir='ltr'><strong>Ex</strong></span> <span class='ocrx_word' id='word_1_302' title='bbox 1825 4298 1943 4351; x_wconf 84' lang='lat' dir='ltr'><strong>Gel.</strong></span> <span class='ocrx_word' id='word_1_303' title='bbox 1966 4296 2242 4374; x_wconf 43' lang='lat' dir='ltr'><strong>lingvnr.</strong></span> <span class='ocrx_word' id='word_1_304' title='bbox 2264 4308 2384 4359; x_wconf 75' lang='lat' dir='ltr'><strong>cap.</strong></span> <span class='ocrx_word' id='word_1_305' title='bbox 2407 4277 2482 4349; x_wconf 58' lang='grc'><strong>7,.’4</strong></span> 
     </span>
    </p>
   </div>
  </div>
 </body>
</html>
