3020 4853
1138 380 1308 442 Qua
1359 382 1688 437 exuar.
2091 398 2126 437 a
2411 381 2502 448 25·

413 519 743 587 Helenius
776 520 999 589 Acron
1022 524 1327 595 Verrium
1359 530 1522 599 dicit
1550 550 1785 616 errare,
1807 537 1922 622 qni
1941 547 2131 623 putat
2155 542 2277 610 hos
2304 549 2501 614 ambo

327 619 462 689 dici
488 623 783 693 debere!

409 726 705 798 Amoena
751 731 899 799 loca
940 731 1157 803 Varro
1209 736 1393 805 dicta
1435 741 1552 819 ait,
1597 762 1679 808 eo
1722 746 1905 829 quod
1949 749 2168 817 solum
2212 771 2509 821 amorem·

325 840 669 914 praestent,
722 842 790 904 et
843 837 928 905 ad
983 860 1059 905 se
1112 842 1399 911 amanda
1457 845 1772 915 alliciant.
1857 849 2137 919 Verrius
2188 856 2504 939 Flaccus,

326 935 504 1019 quod
537 938 684 1006 sine
719 961 992 1011 munere
1042 945 1199 1025 siut,
1250 966 1372 1015 nec
1417 950 1780 1037 quicquam
1817 954 1923 1021 his
1963 956 2256 1027 officiat:
2300 965 2502 1047 qnasi

326 1042 617 1122 amunia,
635 1042 761 1111 hoc
792 1054 917 1126 est,
936 1047 1082 1115 sine
1106 1048 1346 1131 fructu,
1365 1053 1543 1121 unde
1571 1056 1788 1123 nullus
1815 1059 2070 1128 fructus
2095 1065 2464 1134 exsolvitur
2483 1086 2504 1129 :

325 1141 482 1209 inde
509 1148 714 1215 etiam
741 1150 902 1217 nihil
932 1160 1360 1237 proestantes,
1387 1158 1713 1228 immunes
1744 1147 2121 1232 'vocanturss

415 1247 484 1313 N
487 1269 572 1316 on
608 1262 809 1338 negat
838 1254 1116 1324 Verrius
1153 1259 1439 1330 Flaccus
1486 1262 1645 1330 Kal.
1681 1263 1846 1353 Apr.
1894 1277 2137 1354 postea
2173 1275 2505 1342 constitu-

324 1360 492 1433 tum,
520 1361 595 1423 nt
623 1364 936 1428 matrona:
965 1361 1215 1431 Veneri
1244 1385 1506 1433 sacrum
1537 1368 1874 1440 facerent*

413 1456 740 1529 Nonnulli
787 1466 984 1532 etiam
1022 1487 1111 1533 ex
1144 1470 1521 1556 participiis
1566 1481 1970 1558 putaverunt
2014 1481 2173 1547 talia
2207 1481 2506 1567 figurari:

324 1568 404 1639 ut
437 1560 716 1632 Verrius
748 1569 1057 1651 FlaccnS,
1088 1573 1207 1658 qui
1236 1575 1323 1641 ab
1352 1596 1457 1656 eo,
1486 1578 1670 1663 quod
1692 1585 1796 1647 est
1824 1581 2106 1663 audens,
2131 1585 2488 1653 audenter.i

413 1665 700 1738 Camara
717 1672 1044 1756 dicuntur,
1063 1683 1139 1745 nt
1160 1675 1437 1746 Verrius
1456 1681 1744 1750 Flaccus
1761 1685 2059 1767 affirmat,
2083 1709 2219 1756 non
2240 1703 2509 1758 camera

326 1790 447 1853 per
474 1772 554 1838 E.
637 1775 773 1842 Sed
806 1779 1187 1862 Lucretius,
1214 1806 1581 1873 comet-etque
1608 1787 1858 1855 caminis
1884 1812 1956 1856 ex
1985 1792 2275 1873 cratibus,
2305 1796 2509 1861 etiam

330 1903 635 1951 cameram
661 1888 795 1955 dici
827 1911 1032 1976 posse
1059 1895 1397 1963 ostendit.¹¹

417 1989 738 2059 Incohavi
786 1997 874 2061 ab
919 1997 1159 2064 incoho
1202 1999 1560 2069 dicendum
1598 2010 1792 2089 putat
1836 2004 2062 2074 Julius
2110 2008 2509 2078 Modestus:

329 2094 491 2179 quia
523 2096 613 2163 sit
640 2102 1087 2185 compositum
1117 2123 1161 2169 a
1194 2103 1363 2170 caho
1392 2105 1580 2174 initio
1600 2127 1841 2189 rerum,
1867 2112 2049 2196 qnod
2074 2111 2356 2180 Verrius
2386 2113 2514 2200 (et)

333 2196 622 2265 Flaccus
650 2202 719 2267 in
748 2209 1080 2287 postrema
1110 2207 1368 2292 syllaba
1396 2210 1827 2295 aspirandum
1859 2217 2333 2299 probaverunt.
2377 2216 2515 2284 Co·-

328 2300 485 2368 hum
516 2305 687 2372 enim
717 2307 902 2391 apud
935 2305 1225 2376 Veteres
1252 2313 1568 2379 mundum
1599 2316 1975 2399 significat.¹

411 2405 663 2475 Clnnes
691 2407 971 2478 Verrius
1019 2412 1308 2482 Flaccus
1355 2419 1728 2486 masculino
1776 2440 2013 2504 genere
2060 2423 2198 2491 dici
2244 2426 2515 2512 probat,

332 2513 647 2598 quoniam
668 2516 738 2581 in
757 2515 845 2582 IS
871 2517 1137 2603 syllaba
1160 2521 1516 2588 terminata
1532 2524 1756 2589 omnia
1782 2527 2080 2593 carentia
2095 2529 2516 2596 nominativo

331 2616 650 2700 singulari
679 2621 1053 2689 masculina
1074 2629 1233 2691 sunt
1254 2643 1274 2692 :
1296 2632 1374 2693 nt
1402 2625 1624 2711 panis,
1648 2622 1837 2708 cinis,
1858 2630 2086 2710 crinis,
2114 2637 2183 2698 et
2201 2632 2517 2727 similia.¹'¹¹

417 2722 777 2807 Diligente.
846 2724 1122 2793 Verrius
1160 2726 1467 2808 Flaccus,
1494 2729 1715 2816 inquit
1741 2731 2026 2813 Plinius,
2054 2754 2284 2801 eorum
2311 2736 2521 2803 nomi-

331 2845 514 2906 num,
536 2847 694 2913 quse
719 2829 841 2896 Ns
869 2829 1200 2913 finiuntur,
1224 2852 1386 2900 casu
1414 2835 1841 2916 nominativo,
1862 2836 2203 2906 ablativus
2228 2841 2299 2905 in
2328 2839 2388 2904 Ε
2417 2840 2517 2905 di-

331 2929 639 3014 rigendus
668 2940 829 3001 est-¹²
2445 2949 2448 2950 ’
2612 2943 2615 2947 “

420 3034 659 3104 Differt
692 3037 1011 3124 fatigatus
1059 3061 1103 3107 a
1142 3041 1349 3121 fesso,
1378 3047 1452 3107 nt
1476 3039 1753 3108 Verrius
1792 3042 1909 3124 ait,
1950 3046 2130 3130 qnod
2172 3045 2520 3131 fatigatus,

337 3158 489 3205 cum
516 3143 666 3227 quis
692 3163 817 3229 per
843 3144 1047 3211 alium
1076 3146 1378 3213 laborare
1409 3145 1864 3231 compellitur:
1911 3147 2135 3215 fessus
2157 3169 2336 3224 vero,
2368 3170 2521 3217 cnm

339 3244 489 3329 quis
516 3245 750 3314 labore
779 3248 1023 3330 deficit,
1052 3256 1130 3316 ut
1155 3252 1427 3318 lassus?

424 3347 577 3415 Nec
604 3351 774 3418 hanc
799 3353 1021 3419 solum
1047 3352 1341 3420 Romani
1370 3354 1786 3420 meretricem
1817 3356 2063 3437 colunt,
2091 3356 2216 3423 sed
2240 3357 2526 3425 Faulam

340 3469 633 3537 quoque,
661 3474 864 3541 quam
895 3457 1216 3525 Herculis
1245 3464 1540 3524 scortum
1567 3458 1784 3525 fuisse
1815 3459 2095 3527 Verrius
2126 3462 2413 3527 scribit?

426 3555 704 3625 Verrius
736 3559 1029 3629 Flaccus
1058 3564 1156 3629 sic
1186 3563 1532 3648 distinxit:
1573 3563 1847 3631 modica
1876 3585 2028 3631 esse
2069 3565 2283 3646 labra,
2339 3565 2520 3632 labia

344 3658 721 3743 immodica,
750 3672 818 3730 et
845 3666 1001 3734 inde
1033 3667 1366 3734 Labiones
1392 3673 1417 3703 ⁸
1461 3665 1646 3732 dici.‘¹

406 3818 438 3864 ²
472 3816 578 3868 Alii
602 3813 859 3870 ιαὰοῃε..
1255 3900 1612 3923 θθθθθθθθθθ

408 3978 429 4010 '
458 3981 537 4031 Ex
559 3981 678 4034 eod.
701 3981 790 4034 lib.
1542 3994 1576 4019 ¹·
1611 3986 1689 4036 Ex
1714 3985 1913 4037 Charis.
1935 3985 2029 4038 lib.
2054 3999 2093 4036 1.

408 4066 432 4103 ⁸
467 4060 546 4109 Ex
567 4058 698 4112 Isid.
719 4061 808 4113 lib.
833 4075 949 4113 xrv-
969 4076 1086 4129 cap.
1107 4067 1156 4116 8.
1181 4055 1338 4131 etym:
1541 4069 1564 4094 ¹·
1598 4062 1677 4112 Ex
1700 4062 1817 4114 eod·
1840 4062 1930 4113 lib·
2095 4077 2100 4080 “

411 4134 434 4168 ¹¹
465 4137 546 4187 Ex
568 4137 805 4189 Mser-ob.
826 4140 918 4191 lib.
942 4155 983 4193 ι.
1003 4141 1212 4194 Saturn.
1542 4146 1567 4173 ⁰
1599 4139 1679 4188 Ex
1700 4138 1957 4190 Diomede
1977 4138 2068 4191 lib.
2090 4151 2127 4189 r.

409 4214 423 4248 ¹
458 4215 537 4264 Ex
556 4214 756 4265 Charis.
775 4216 865 4267 lib.
887 4231 950 4267 n.
998 4277 999 4282 Ἰ
1544 4225 1570 4258 ⁸·
1607 4219 1684 4268 Ex
1708 4219 1853 4269 Lact.
1873 4218 1966 4268 lib.
1990 4233 2027 4268 ι.
2051 4233 2168 4284 cap.
2190 4222 2273 4270 20.

412 4290 437 4324 ¹
467 4291 549 4341 Ex
573 4290 689 4342 eod.
707 4291 799 4344 lib.
825 4307 863 4344 1.
1545 4305 1571 4339 π
1609 4296 1686 4346 Ex
1709 4295 1908 4346 Charis.
1928 4294 2014 4347 lib.
2033 4309 2072 4347 1.

415 4365 429 4402 ¹
458 4367 538 4417 Ex
560 4365 735 4422 Dioni.
757 4369 845 4420 lib.
869 4385 907 4421 ι.
931 4371 1185 4437 probavit.
1330 4371 1339 4384 ⁸
