3020 4853
499 428 596 474 nn
641 425 1053 475 vannoauu
1100 422 1713 471 mammeti-noun
1764 422 1909 472 mu.
1957 422 2117 469 xiv.
2262 404 2393 473 669

215 583 539 652 Protelare
566 586 811 652 dicitur
836 587 1031 669 longe
1059 584 1426 670 propellere,
1455 606 1529 649 ex
1557 583 1775 648 Groeco
1797 580 2098 662 videlicet,
2143 583 2396 667 [Fns'r.

295 688 458 774 quod
486 697 594 754 est
622 693 779 766 τῆλε,
808 697 878 753 et
908 687 1224 772 significat
1251 686 1450 773 longe.

214 791 599 869 Protinam‚³
629 793 957 876 protinus.
1044 791 1446 856 Terentius:
1497 790 1835 854 Protinam
1868 788 2075 872 conji-
2119 789 2395 871 [PAUL.

296 895 470 959 ciam
499 916 602 960 me
632 898 700 960 in
728 895 963 978 pedes.

213 995 584 1062 Provinciae
628 997 1074 1082 appellantur,
1106 994 1286 1079 quod
1318 996 1611 1080 populus
1657 994 2006 1060 Romanus
2028 1013 2143 1058 eas
2170 995 2397 1077 provi-

296 1099 411 1176 cit,
445 1099 514 1163 id
543 1106 664 1178 est,
689 1107 844 1164 ante
877 1099 1065 1165 vicit.

214 1199 612 1266 Provorsum
665 1202 887 1284 fulgur
906 1199 934 1237 ¹²
1011 1202 1407 1285 appellatur,
1460 1202 1645 1285 quod
1724 1203 2064 1284 ignoratur
2149 1196 2399 1278 [Fsss‘r.

296 1308 501 1368 noctu
554 1324 638 1368 an
683 1304 962 1369 interdiu
1011 1305 1099 1368 sit
1144 1304 1414 1381 factum,
1458 1306 1684 1391 itaque
1723 1304 1889 1370 Jovi
1955 1301 2284 1384 Fulguri‚5
2332 1307 2400 1365 et

294 1404 656 1470 Summano
684 1407 779 1483 fit,
812 1406 994 1490 quod
1027 1407 1258 1470 diurna
1287 1406 1506 1484 Jovis,
1542 1414 1865 1473 nocturna
1895 1404 2239 1471 Summani
2268 1401 2399 1466 sul-

298 1526 468 1591 gura
498 1507 844 1572 habentur.

1124 1672 1486 1700 OOOOOOOOOOO

273 1795 301 1837 6
339 1789 433 1839 Vir
451 1788 591 1840 doct.
617 1790 831 1854 conjicit
857 1791 1184 1854 fulg-rami.

1197 1973 1413 2024 NOTAE

210 2084 348 2132 telum
373 2097 490 2133 esse
526 2084 712 2148 lorum,
741 2084 876 2149 quod
918 2085 1017 2136 alio
1062 2085 1268 2136 nomine
1305 2069 1317 2078 „
1349 2103 1459 2137 num
1493 2087 1722 2139 ostendit
1759 2088 1840 2138 hic
1884 2085 2022 2137 Festi
2052 2087 2197 2135 locus
2236 2093 2291 2136 et
2313 2086 2404 2136 do-

207 2160 374 2207 coltum
409 2158 619 2210 dicitur.
687 2162 954 2224 Proteum,
983 2168 1038 2211 et
1070 2164 1271 2225 protelo,
1350 2172 1436 2214 cet
1457 2173 1605 2215 vetus
1629 2166 1907 2227 interpres,
1933 2163 2019 2227 qui
2056 2164 2287 2212 Donatus
2327 2162 2404 2211 di·

208 2235 328 2284 nihil
369 2235 513 2285 aliud
555 2245 701 2286 notat
741 2252 890 2302 quam
928 2238 1270 2287 continuatio·
1351 2240 1508 2289 citur.
1542 2248 1556 2268 ·
1579 2240 1851 2289 Protinam
1872 2238 2405 2302 fuit‚’inquit‚‘etsic

209 2325 343 2376 nem,
379 2319 637 2375 tenorem,
657 2321 711 2364 et
749 2323 830 2364 est
876 2329 908 2364 a
942 2317 1084 2375 τῆλε,
1117 2316 1270 2379 longe,
1353 2315 1600 2379 Nigidius
1624 2315 1796 2380 legit!
1831 2313 1955 2365 Dae.

207 2389 313 2438 sive
330 2389 508 2453 potius
524 2404 551 2439 a
569 2391 676 2450 telo,
691 2397 746 2440 et
760 2392 921 2454 telum,
938 2405 968 2439 a
984 2391 1268 2456 &Aequod

209 2475 421 2533 etymon
465 2483 533 2519 ex
558 2470 769 2519 aliorum
810 2473 1067 2521 sententia
1105 2470 1271 2521 refert

211 2546 467 2597 Donatus.
538 2546 704 2595 Notat
748 2546 907 2609 igitur
945 2548 1169 2611 proprie,
1213 2555 1271 2597 ut

209 2623 406 2683 optime
448 2625 599 2672 Voss.
625 2624 975 2673 continuatam
1018 2624 1107 2673 teli
1131 2638 1161 2672 e
1185 2625 1272 2672 ba-

208 2695 331 2746 lista
370 2697 753 2761 impulsionem,
790 2697 898 2748 sive
921 2713 1036 2747 cum
1063 2713 1272 2762 prorsus

208 2772 405 2837 aliquid
448 2774 604 2836 longe
647 2773 893 2836 truditur,
933 2776 1076 2824 velut
1115 2777 1273 2824 telum

208 2846 398 2899 balista
452 2851 713 2899 emissum.
793 2850 945 2899 Unde
1002 2853 1276 2914 protelare,

207 2921 363 2987 louge
423 2925 738 2989 propellere,
809 2925 1025 2989 ejicere,
1073 2925 1274 2991 fugare.

204 3000 475 3064 Turpilius
505 3002 762 3050 Lemnils:
798 3005 813 3030 ‘
837 3003 1068 3065 Propter
1094 3018 1276 3065 pecca·

207 3082 315 3126 tum
364 3076 653 3140 pauxillum
701 3076 1051 3141 indignissime
1096 3079 1278 3130 Patria

210 3153 532 3213 protelatum
568 3167 682 3201 csse
713 3154 914 3202 sevitia
945 3154 1143 3217 patris!
1208 3157 1278 3206 Et

204 3225 658 3277 Terent-Pltorm.
683 3241 718 3276 t.
754 3232 802 3276 4.
871 3228 988 3278 ‘Ne
1030 3239 1081 3279 te
1120 3230 1278 3280 iratus

204 3302 311 3352 suis
335 3302 606 3353 sevidicis
627 3302 782 3352 dictis
805 3302 1063 3366 protelet.⁸
1099 3306 1248 3354 Idem·

269 3386 296 3421 ί
330 3377 622 3441 Protinam]
654 3378 865 3427 Terent·
888 3378 1100 3429 Phorm.
1134 3382 1150 3408 ‘
1168 3380 1281 3430 Ali·

207 3454 337 3518 quid
360 3468 744 3515 convasassem,
761 3462 917 3518 atque
933 3455 1049 3505 hinc
1069 3470 1147 3505 me
1166 3471 1283 3506 con·

194 3531 425 3593 jicerem
453 3532 717 3596 protinam
742 3533 793 3579 iu
815 3529 1012 3593 pedes.'
1076 3533 1163 3581 Sic
1191 3535 1282 3582 Ni·

211 3606 389 3670 gidins
404 3616 464 3658 et
485 3607 720 3658 Donatus
739 3623 755 3669 ς
776 3622 876 3657 non
892 3609 1128 3671 protinus.
1155 3609 1279 3660 Aut.

206 3683 351 3748 Aug.

272 3760 567 3821 Protinamj
602 3759 753 3809 Varr.
776 3759 865 3808 lib.
886 3772 963 3808 vt.
1016 3760 1110 3809 ‘Iu
1134 3761 1283 3809 Lam-

208 3834 442 3898 padione
469 3833 744 3900 (Naevius)
779 3836 1039 3908 protinam
1058 3849 1088 3883 a
1122 3837 1284 3899 proti.

206 3927 303 3961 nus
340 3913 749 3962 continuitatem
787 3911 1116 3976 significans?
1150 3914 1282 3963 Vide

205 3988 465 4038 Nonium.
535 3987 700 4036 Locus
722 3988 935 4037 Terent.
987 4002 1134 4052 quem
1179 3991 1284 4038 lau·

202 4062 298 4112 dat
323 4064 522 4113 Festus
548 4069 630 4111 est
653 4063 859 4113 Phorm.
880 4077 919 4113 ι.
937 4067 987 4113 4.
1025 4064 1050 4117 Ξ
1069 4064 1284 4127 Aliquid

206 4153 613 4200 convasassem,
633 4147 788 4204 atque
815 4146 935 4189 tunc
953 4153 1034 4189 me
1057 4141 1284 4202 conjice·

209 4233 318 4268 rem
345 4220 614 4283 protinam
639 4219 694 4267 in
735 4216 931 4281 pedes!
998 4217 1080 4267 Ibi
1117 4225 1285 4268 tamen

209 4300 370 4361 vulgo
388 4298 637 4362 protinus,
660 4296 752 4347 sed
791 4304 985 4347 rectum
1008 4310 1118 4349 esse
1136 4298 1286 4361 proti-

1413 2390 1437 2424 ¹¹
1472 2390 1970 2455 Prooorsnmsulgur]
2008 2392 2126 2442 Non
2151 2396 2231 2441 sat
2256 2389 2405 2441 video

1346 2485 1442 2520 cur
1463 2470 1720 2520 incertum
1763 2468 1932 2530 fulgur
1969 2482 2244 2531 provorsum
2266 2465 2407 2515 dica-

1350 2553 1453 2605 tur,
1501 2559 1616 2595 cum
1672 2556 1966 2608 provorsum,
2032 2544 2143 2592 sive
2199 2558 2412 2606 prorsus,

1349 2620 1472 2670 nil-il
1495 2619 1636 2670 aliud
1663 2622 1732 2670 sit
1754 2634 1904 2684 quam
1929 2619 2175 2669 ἀντ-ἄπιοι
2242 2620 2408 2669 Unice

1351 2697 1639 2760 amplector
1678 2697 1895 2745 Meursii
1921 2696 2289 2759 conjecturam,
2322 2694 2408 2760 qui

1351 2781 1505 2835 putat
1545 2773 1758 2821 Festum
1799 2771 2098 2834 depravatis
2139 2770 2409 2820 codicibus

1353 2862 1517 2904 nsum,
1543 2850 1622 2897 vel
1664 2848 1795 2896 adeo
1824 2848 1991 2910 ipsum
2017 2845 2237 2896 Paulum
2278 2848 2410 2895 male

1352 2937 1492 2971 suam
1517 2926 1796 2985 epitomem
1835 2923 2135 2972 instituisse.
2198 2922 2411 2986 Quippe

1354 2988 1621 3050 contracte
1654 3000 1903 3062 scriptum
1932 2998 2103 3049 fuerat
2126 3001 2414 3049 Conci-ovor-

1352 3076 1654 3139 sumsnlgar,
1679 3077 1713 3125 i.
1734 3081 2099 3139 eona-oemunt,
2117 3076 2254 3141 quod
2278 3075 2413 3124 male

1356 3153 1407 3201 in
1456 3167 1733 3216 provorsum
1789 3161 1968 3215 postea
2026 3160 2414 3202 commutatum.

1357 3228 1546 3293 Neque
1580 3228 1791 3278 dubium
1822 3236 1902 3277 est
1931 3228 2051 3292 quin
2081 3237 2414 3278 controversa

1356 3303 1562 3368 fulgura
1607 3315 1751 3355 recte
1787 3304 1927 3354 dicta
1965 3305 2087 3367 sint,
2123 3306 2190 3354 de
2228 3306 2414 3369 quilius

1357 3384 1712 3432 controversia
1736 3392 1877 3432 esset
1899 3397 2001 3446 quo
2025 3391 2259 3444 tempore
2279 3381 2413 3429 ceci-

1356 3458 1571 3522 dissent,
1617 3460 1725 3507 sive
1770 3458 2014 3519 diluculo,
2058 3458 2167 3505 sive
2210 3470 2416 3519 crepus-

1356 3537 1492 3592 culo,
1533 3550 1648 3597 qun
1682 3545 1916 3597 tempora
1957 3534 2126 3582 dieine
2168 3546 2232 3581 an
2268 3532 2414 3581 nocti

1358 3612 1681 3660 annumerari
1726 3610 1954 3658 debeant
1991 3607 2043 3655 in
2088 3607 2290 3656 incerto
2318 3615 2414 3659 est.

1362 3688 1505 3750 Lege
1532 3685 1665 3734 infra
1688 3686 1849 3746 itaque
1880 3682 2313 3743 doniselgurieori,
2333 3688 2381 3732 et
2397 3699 2414 3730 .·

1358 3764 1478 3813 ideo
1518 3769 1688 3811 autem
1712 3762 1831 3812 Jovi
1863 3767 1920 3808 et
1950 3760 2228 3807 Summano
2259 3759 2416 3812 sacri·

1358 3839 1601 3892 ficabunt.
1627 3853 1688 3886 ne
1727 3837 1927 3886 scilicet
1954 3850 2047 3898 per
2076 3836 2416 3899 ignorantiam

1361 3921 1658 3978 peccarent,
1681 3919 1735 3962 ct
1766 3913 1840 3960 ita
1878 3910 2175 3973 religionem
2215 3920 2419 3961 contra-

1360 3992 1546 4039 herent
1562 4005 1575 4037 :
1593 3989 1666 4038 sic
1681 4002 1797 4037 cum
1809 3987 1950 4036 Deos
1966 3986 2171 4037 Deasne
2187 3988 2418 4052 alloque-

1365 4067 1554 4116 bantur
1566 4075 1618 4114 et
1631 4062 1954 4128 ignorabant,
1969 4076 2032 4112 ne
2044 4077 2215 4112 eorum
2229 4078 2416 4113 numen

1366 4139 1721 4205 imprudentes
1734 4139 2003 4201 laederent,
2029 4139 2193 4201 primo
2217 4140 2419 4189 dubita·

1367 4220 1513 4282 bant,
1533 4217 1720 4267 deinde
1746 4217 2008 4266 addebant
2024 4216 2315 4279 quicumque,
2341 4218 2434 4264 vet

1367 4308 1680 4360 quecumque.
1714 4294 1857 4359 virg.
1881 4307 1918 4342 ι.
1940 4293 2138 4343 AEneid.
2175 4293 2419 4359 ‘Oquam
