3020 4853
558 372 695 442 434

1234 386 1461 444 sssxrt
1513 388 1656 436 Pom
1673 389 1821 438 {⁸811
1872 389 2078 441 FES'H

648 532 910 601 Mundo
961 552 1204 600 nomen
1250 533 1642 618 impositum
1695 545 1801 601 est
1846 538 1933 602 ab
1983 557 2063 604 eo
2096 538 2362 617 mundo,
2389 541 2505 624 qui
2537 549 2760 626 supra·

645 659 772 704 nos
814 645 941 702 est.

1062 637 1310 704 Forma
1352 637 1527 702 enim
1582 639 1730 723 ejus
1773 649 1877 704 est
1928 661 2016 707 ex
2059 642 2168 719 iis,
2213 642 2332 726 qui
2390 643 2756 721 intravere,

645 763 1045 829 cognoscere
1101 743 1343 828 potuit,
1397 743 1724 809 adsimilis
1769 745 1926 809 iue⁴
1972 749 2118 830 ejus
2174 747 2554 811 inferiorem
2596 767 2756 830 par-

645 857 801 927 tem,
856 848 1069 914 veluti
1129 854 1588 914 consecratam
1649 847 1805 914 Diis
1865 850 2172 915 manibus
2233 850 2529 916 clausam
2573 854 2758 915 omni

644 959 964 1036 tempore,
989 952 1118 1017 nisi
1158 953 1243 1017 iis
1275 951 1536 1029 diebus,
1582 953 1697 1036 qui
1750 972 1962 1036 supra
1997 952 2231 1038 scripti
2262 960 2437 1028 sunt,
2465 953 2756 1036 majores

645 1065 1032 1134 censuerunt,
1080 1076 1255 1139 quos
1300 1055 1446 1120 dies
1491 1055 1694 1121 etiam
1739 1057 2094 1140 religiosos
2129 1056 2625 1140 judicaverunt,
2672 1079 2760 1122 ea

645 1157 729 1223 de
760 1177 992 1238 causa,
1021 1160 1206 1246 quod
1253 1180 1388 1243 quo
1423 1165 1720 1244 tempore
1764 1177 1867 1238 ea,
1904 1180 2056 1243 quae
2085 1160 2371 1238 occulte,
2395 1168 2467 1224 et
2491 1160 2759 1241 abdita,

642 1282 724 1328 ea
781 1263 1120 1346 religionis
1170 1264 1467 1328 Deorum
1499 1264 1793 1328 manium
1841 1270 2087 1342 essent,
2138 1264 2344 1329 veluti
2397 1264 2466 1327 in
2524 1265 2757 1329 lucem

646 1367 981 1451 quandam
1011 1367 1510 1444 adducerentur,
1544 1372 1611 1432 et
1639 1367 2062 1452 patefierent:
2109 1368 2273 1433 nihil
2319 1387 2404 1432 eo
2445 1376 2758 1453 tempore

578 1513 583 1518 ·
646 1470 715 1535 in
762 1471 1108 1555 republica
1153 1471 1295 1553 geri
1336 1471 1706 1537 voluerunt.

1796 1471 2043 1556 ltaque
2095 1491 2220 1555 per
2258 1491 2376 1537 eos
2419 1471 2569 1536 dies
2614 1492 2760 1536 non

646 1594 796 1640 cum
840 1574 1030 1639 hoste
1088 1594 1327 1639 manus
1378 1564 1859 1638 conserebant':
1915 1594 2047 1638 non
2099 1574 2443 1639 exercitus
2501 1574 2765 1639 scribe-

643 1679 879 1744 baturr
919 1698 1048 1742 nou
1080 1678 1353 1743 comitia
1381 1674 1733 1754 habebant,
1765 1698 1886 1740 uon
1923 1676 2102 1741 aliud
2151 1677 2516 1761 quicquam
2565 1676 2637 1740 in
2686 1697 2764 1741 re

639 1781 897 1869 publica
936 1783 1066 1847 nisi
1109 1781 1283 1866 quod
1330 1781 1565 1847 ultima
1607 1781 1941 1847 necessitas
1972 1780 2398 1858 admonebat,
2430 1779 2763 1846 adminis-

642 1886 960 1952 trabatur.

559 1987 890 2054 Mundum
917 1989 1194 2072 gentiles
1220 1994 1317 2054 ter
1343 1991 1411 2055 iu
1441 2005 1616 2055 anno
1647 1999 1880 2073 patere
1908 1990 2237 2075 putabant
2267 1987 2407 2052 die-
2466 1987 2672 2071 [PAU
2689 2004 2764 2052 ι.

642 2093 770 2182 bus
798 2091 899 2157 his
924 2091 1248 2177 postridie
1268 2091 1694 2172 Volcanalia,
1727 2099 1795 2159 et
1817 2102 1972 2158 ante
2005 2092 2179 2157 diem
2213 2091 2477 2156 tertium
2511 2089 2767 2156 Nonas

643 2194 977 2276 OctobrIS,
1006 2204 1076 2261 et
1103 2204 1254 2262 ante
1285 2197 1461 2262 diem
1490 2204 1759 2261 sextum
1795 2197 1958 2261 Idus
1990 2195 2436 2262 Novembris:
2479 2193 2770 2261 inferio-

568 2295 573 2300 ’
639 2318 777 2378 rem
820 2301 993 2365 enim
1036 2300 1182 2384 ejus
1212 2305 1465 2385 partem
1512 2307 1971 2368 consecratam
2011 2300 2174 2365 -Diis
2219 2299 2529 2363 manibus
2573 2299 2769 2362 arbi-

640 2409 891 2469 trantes
922 2404 1217 2470 clausam
1267 2403 1445 2468 omni
1493 2409 1813 2486 tempore,
1847 2413 2084 2487 praeter
2123 2401 2246 2467 hos
2287 2400 2458 2479 dies»,
2481 2400 2603 2485 qui
2639 2420 2764 2466 su-

637 2527 762 2593 pra
791 2507 1027 2593 scripti
1058 2514 1238 2574 sunt:
1282 2518 1457 2591 'quos
1487 2507 1633 2572 dies
1664 2508 1861 2573 etiam
1893 2507 2240 2591 religiosos
2271 2504 2772 2592 judicaverunt

640 2631 725 2676 ea
752 2611 833 2676 de
864 2632 1096 2690 causa,
1129 2610 1311 2695 quod
1341 2610 1446 2685 bis
1496 2610 1734 2674 diebus
1762 2631 1869 2689 ea,
1899 2630 2054 2695 quae
2087 2609 2375 2687 occulta,
2405 2617 2481 2673 et
2512 2600 2771 2674 abdita

636 2714 965 2798 religionis
991 2716 1288 2781 Deorum
1314 2713 1608 2778 manium
1633 2720 1886 2793 essent,
1913 2715 1979 2777 in
1998 2714 2225 2778 lucem
2242 2711 2769 2791 adducerentur,

1465 2895 1795 2917 OOOOOOOONO
1802 2896 1830 2916 Ο

565 3061 569 3065 ,
616 3006 649 3053 4
683 2999 905 3054 Quidam
929 3001 1018 3052 ub.
1041 3002 1134 3055 sne.

1539 3115 1752 3167 NOTA-2

552 3228 664 3279 Diti
688 3227 825 3294 patri
848 3237 903 3279 et
926 3227 1249 3292 Proserpina
1268 3227 1495 3281 dicatum
1513 3239 1615 3294 est,

551 3307 837 3372 meliusque
892 3306 1100 3356 occlusa
1159 3305 1400 3356 Plutonis
1455 3304 1611 3356 fauce

551 3380 773 3433 eundum
791 3381 855 3432 ad
878 3383 1110 3447 prelium
1133 3390 1478 3446 putaverunt:
1517 3397 1611 3433 un·

549 3458 616 3508 de
640 3467 693 3509 et
709 3459 881 3509 Varro
912 3459 986 3509 ita
1008 3458 1204 3509 scribit.
1238 3459 1466 3509 Mundus
1491 3474 1610 3509 cum

548 3544 715 3604 patet,
729 3538 961 3589 Deorum
977 3538 1200 3589 tristium
1214 3545 1369 3604 etque
1385 3536 1605 3588 inferum

551 3615 694 3683 quusi
725 3615 891 3683 janna
936 3622 1098 3682 petet.
1167 3617 1466 3680 Propterea
1505 3630 1605 3665 uon

546 3694 701 3746 modo
716 3694 955 3761 praelium
970 3692 1242 3756 committi,
1260 3704 1433 3742 verum
1448 3691 1606 3741 etiem

548 3772 807 3823 delectum
826 3772 908 3821 rei
931 3770 1168 3821 militaris
1198 3783 1358 3819 causa
1392 3766 1605 3826 babere,

549 3842 611 3898 ac
634 3850 846 3900 militem
871 3847 1152 3914 proficisci,
1178 3861 1359 3897 navem
1383 3846 1606 3909 solvere,

547 3939 759 3974 uxorem
783 3924 1002 3975 liberum
1029 3922 1421 3990 querendorum
1444 3934 1604 3972 carisa

545 4000 739 4052 ducere
761 4001 1058 4065 religiosum
1087 4000 1202 4051 est-⁹
1268 4000 1419 4055 Unde
1446 3998 1604 4049 verba

547 4076 691 4130 Festi
722 4080 849 4131 satis
881 4079 1261 4144 intelliguntur.
1323 4077 1426 4128 Sed
1459 4078 1512 4127 in
1540 4077 1603 4127 iis

547 4152 781 4227 quedam
810 4155 1013 4218 mutila,
1046 4154 1279 4219 quedam
1310 4155 1464 4204 etiem
1489 4166 1603 4203 cor-

548 4240 705 4297 rupta
724 4238 862 4283 sunt·
909 4232 1085 4296 Atque
1108 4230 1285 4280 statim
1310 4229 1455 4280 initio
1479 4244 1601 4292 sup-

546 4300 789 4388 plendum
810 4316 913 4381 ert,
942 4306 1185 4381 Postridie
1215 4307 1505 4372 Volcanalia,
1528 4298 1606 4360 ιν.ι

1692 3232 1822 3281 Non.
1858 3229 2028 3280 Octob.
2060 3234 2109 3278 et
2147 3233 2258 3277 onte
2289 3228 2418 3277 diem
2449 3234 2645 3278 ma·-
2687 3231 2775 3281 u.

1692 3307 1920 3358 Novemb.
1967 3307 2036 3356 Et
2072 3306 2148 3355 ita
2185 3312 2299 3354 est:
2360 3304 2579 3367 patebat
2616 3307 2775 3356 eni-

1691 3385 1908 3435 mundus
1953 3388 2003 3433 3.
2046 3382 2168 3433 Kal.
2213 3381 2488 3445 Septemb.
2542 3397 2670 3433 nam
2719 3392 2776 3436 4.

1691 3468 1837 3511 eraut
1859 3458 2179 3510 Volcanalia.
2213 3457 2349 3507 Item
2379 3463 2430 3510 4.
2461 3457 2598 3509 Non.
2653 3459 2775 3510 Oe·

1692 3540 1795 3589 tob.
1818 3539 1869 3589 id
1895 3545 1975 3588 est
1994 3535 2079 3586 die
2101 3538 2150 3586 4.
2174 3534 2371 3585 Octob.
2395 3542 2453 3583 et
2474 3535 2772 3589 antediem

1689 3624 1893 3672 sextum
1938 3613 2021 3667 Id.
2056 3611 2313 3662 Novemb.
2350 3625 2546 3673 nempe
2584 3614 2642 3659 7.
2681 3611 2773 3661 ld.

1686 3692 1772 3758 qui
1790 3691 1902 3740 dies
1919 3688 2168 3752 septimus
2186 3692 2269 3734 est
2287 3685 2523 3748 ejusdem
2543 3689 2770 3737 men-1⁸.

1685 3767 1860 3819 Verba
1883 3765 2094 3816 Catonis
2121 3763 2196 3813 sic
2231 3761 2459 3825 legenda
2488 3778 2557 3812 ex
2587 3762 2770 3815 Scali-

1686 3859 1810 3910 gero
1832 3861 1843 3891 ε
1897 3844 2071 3899 Forma
2101 3840 2229 3890 eninr
2263 3838 2363 3900 ςὶιι
2389 3843 2480 3899 est,
2506 3844 2560 3892 αι
2583 3854 2654 3888 ex
2678 3841 2765 3901 iis,

1682 3923 1763 3985 qni
1783 3920 2023 3973 intraoen
2043 3930 2316 3980 cognoscere
2337 3916 2495 3978 potui,
2513 3916 2766 3967 admei:

1681 3997 1774 4049 ini.
1840 3994 2048 4047 Deinde
2093 3994 2196 4056 ejus
2245 3992 2540 4051 inferiore-r.
2610 3992 2762 4046 Nam

1682 4075 1801 4123 inde
1845 4071 2100 4136 incipiunt
2143 4065 2298 4116 verba
2337 4067 2501 4117 Festi.
2570 4067 2765 4119 Corri-

1682 4149 1851 4214 genda
1903 4146 2060 4197 etiem
2118 4159 2232 4210 quae
2289 4150 2599 4208 sequuntur,
2662 4144 2764 4197 ita.

1687 4226 1824 4290 Quod
1840 4241 1929 4293 quo
1946 4228 2145 4285 tempore
2167 4234 2222 4267 ea
2243 4233 2347 4283 qna
2368 4218 2563 4268 occuuae
2584 4224 2641 4269 et
2666 4220 2759 4271 ab·

1684 4306 1800 4356 dita
1818 4299 2079 4364 religionis,
2100 4299 2180 4362 qe.
2213 4295 2345 4347 Dac-
