3020 4853
559 389 656 436 DE
706 387 1117 437 vssRnoRtJM
1169 389 1795 442 smemA‘rroNss
1846 396 1989 443 Lm.
2038 396 2146 447 xi.

2320 380 2438 448 391

349 532 582 600 dendis
614 536 819 602 etiam
848 543 1077 602 nostro
1129 538 1379 603 saeculo
1422 537 1569 617 suit,
1610 539 1787 604 unde
1817 541 2234 608 manticulari
2269 542 2449 608 dice-

347 637 605 716 bantur,
637 640 753 722 qui
783 639 1046 705 furandi
1073 642 1284 724 gratia
1308 642 1712 708 manticulas
1738 646 2203 712 attrectabant.
2252 645 2449 710 Unde

347 739 570 824 poetae
601 761 724 827 pro
755 741 989 808 dolose
1018 743 1177 828 quid
1208 746 1468 828 agendo
1504 747 1608 810 usi
1641 753 1801 811 sunt
1831 766 1912 812 eo
1935 748 2160 814 verbo.
2227 748 2450 815 Pacu·

346 844 530 910 vius:
565 844 676 910 Ad
699 847 1276 914 manticulandum
1306 856 1459 914 astu
1489 850 1901 933 aggreditur:
1934 851 2062 917 scit
2084 852 2257 916 enim
2285 852 2446 936 quid

344 951 818 1030 promeruerim
842 997 857 1014 .
888 997 903 1015 .
929 992 948 1012 .
977 950 1228 1018 modici
1256 954 1749 1019 manticulatur.
1772 1002 1786 1017 .
1815 1001 1829 1016 .
1860 1002 1875 1017 .
1899 955 1995 1020 ita
2019 975 2124 1020 me
2142 953 2305 1020 facti
2328 973 2449 1038 op·

342 1054 553 1134 pressi
575 1053 762 1138 jugo.
842 1053 1014 1119 Item
1045 1055 1323 1121 deinde:
1356 1055 1758 1139 Aggreditur
1786 1063 1939 1122 astu
1968 1076 2229 1139 regem;
2258 1076 2447 1121 man·

342 1154 741 1221 ticulandum
782 1165 886 1223 est
932 1155 1043 1223 hic
1080 1159 1262 1223 mihi.

1352 1159 1473 1225 Et:
1503 1159 1906 1234 >Machinam
1937 1159 2176 1225 ordiris
2203 1179 2447 1227 novam

341 1259 697 1324 manticula
715 1261 740 1298 ⁸
770 1267 984 1340 tactu,
1014 1281 1097 1327 an
1129 1263 1470 1329 sanctiora
1501 1263 1675 1329 dicis
1694 1263 2154 1349 jurajuranda.
2244 1262 2450 1327 Plau-

342 1373 445 1425 tus
469 1361 601 1427 hoc
631 1364 1005 1447 significare
1038 1365 1320 1447 videtur,
1340 1368 1586 1453 quibus
1617 1367 1868 1433 cotidie
1895 1387 2123 1452 parvae
2173 1365 2445 1451 [Paua.

335 1482 530 1530 noxae
561 1476 1084 1552 extergeantur.⁹

263 1563 550 1634 Mantisa
572 1569 590 1604 ‘
633 1569 1163 1684 additamentum
1196 1571 1440 1638 dicitur
1468 1573 1694 1656 lingua
1724 1574 2038 1652 Tusca,¹0
2073 1571 2252 1657 quod
2282 1592 2449 1657 pon-

1165 1747 1531 1770 ΜΝΜΝΟ

318 1848 347 1893 7
379 1846 515 1898 Vide
540 1850 708 1902 Notas
733 1851 921 1902 inst—8
955 1852 1048 1901 Vir
1069 1852 1256 1902 doctus
1289 1853 1339 1902 in
1379 1864 1542 1914 marg.
1565 1848 1647 1898 ed.
1671 1850 1808 1899 Scal.
1832 1850 2043 1915 conjicit
2066 1849 2450 1900 manticula—9

259 1908 333 1957 Ex
356 1914 558 1965 schedis
594 1917 884 1967 addendum
909 1929 1082 1968 monet
1105 1919 1239 1968 Dac-
1275 1918 1517 1979 Frequem
1537 1916 1661 1965 enim
1680 1917 1892 1980 antiquis
1910 1919 1973 1966 ud
2005 1930 2168 1966 munus
2200 1916 2451 1978 tergendus

259 1978 476 2039 ”ussit
496 1983 1014 2034 manticularum—10
1048 1985 1170 2034 Vet.
1191 1983 1282 2033 tib.
1311 1985 1451 2033 0300.

1239 2118 1455 2169 NOTAE

257 2206 414 2258 citur:
449 2212 589 2263 unde
627 2213 896 2265 indefinito
926 2216 1097 2277 modo,
1115 2215 1304 2279 Aggre-

255 2284 365 2336 diri.
413 2288 580 2354 Spero
602 2292 840 2356 equidem
863 2294 1010 2357 hujus
1031 2301 1134 2342 tam
1159 2307 1304 2355 egre-

256 2361 319 2424 gii
342 2363 436 2415 loci
460 2380 492 2416 a
513 2367 663 2417 nobis
686 2369 911 2419 restituti
932 2369 1179 2420 candidos
1202 2371 1304 2419 lec·

259 2445 387 2491 tores
428 2445 653 2506 gratiam
693 2447 966 2497 relaturos.
1029 2446 1132 2496 Sed
1176 2446 1304 2497 illud

254 2523 665 2581 pretereundum
697 2538 799 2573 nou
843 2531 943 2588 est,
978 2540 1138 2589 quare
1159 2526 1304 2589 jure-

247 2595 463 2656 jurando
485 2598 621 2649 dixit
657 2602 919 2664 extergeri
956 2616 1115 2652 noxas
1138 2601 1305 2667 qttoti-

254 2671 450 2753 dianas.t
512 2674 707 2727 Allnsit
737 2692 863 2743 ergo
896 2679 960 2729 ad
995 2678 1303 2730 satisfactio-

255 2746 494 2815 nefflarft‘iae
518 2751 733 2818 fiebant,
756 2770 872 2805 cum
908 2756 958 2804 in
983 2758 1202 2821 gratiam
1227 2771 1305 2806 re-

254 2825 490 2879 dibatur:
534 2832 647 2895 ejus
670 2835 966 2899 exemplum
989 2835 1148 2884 habes
1166 2834 1305 2899 apud

254 2902 492 2958 Plautum
527 2908 944 2975 Amphitruone:
982 2917 997 2940 ‘
1019 2913 1200 2974 Mane,
1228 2927 1307 2961 ar·

254 2979 441 3035 bitratu
477 2994 571 3036 tuo
620 2988 981 3052 jusjurandum
1020 2990 1174 3052 dabo,
1216 2990 1306 3039 Me

252 3071 408 3110 meam
432 3064 677 3126 pudicam
700 3080 816 3115 esse
851 3081 1064 3117 uxorem
1087 3066 1306 3117 arbitra-

253 3138 364 3187 rier.
431 3140 495 3192 Id
519 3156 622 3206 ego
644 3144 684 3192 si
706 3142 855 3207 fallo,
882 3152 990 3195 tum
1017 3152 1086 3208 te,
1109 3159 1304 3195 summe

250 3212 515 3282 Juppiter,
571 3220 784 3285 Quaeso,
833 3221 1196 3285 Amphitruoni
1248 3230 1307 3272 ut

252 3306 453 3360 semper
474 3297 638 3347 iratus
658 3298 811 3349 sies:’
843 3305 900 3348 et
936 3314 1043 3349 mos
1067 3299 1304 3362 exigendi

253 3367 300 3417 id
337 3385 368 3420 a
400 3373 561 3437 laesis,
588 3388 677 3425 seu
710 3376 893 3440 injuria
918 3373 1134 3433 affectis,
1157 3383 1307 3426 extat

251 3445 300 3496 in
315 3449 493 3500 eadem
509 3450 717 3502 fabula:
750 3453 766 3481 ‘
786 3452 895 3501 Aut
912 3449 1199 3501 satisfaciat
1215 3454 1306 3502 mi·

252 3522 299 3573 hi
320 3541 332 3574 ε
359 3535 517 3594 atque
539 3528 743 3594 adjuret
765 3529 993 3594 insuper,
1013 3530 1167 3581 Nolle
1191 3545 1308 3580 esse

252 3599 404 3660 dicta,
423 3619 541 3669 quie
580 3607 633 3656 iu
655 3622 737 3657 me
759 3608 1012 3658 insontem
1039 3608 1256 3672 protulit
1277 3607 1310 3657 z·

253 3691 315 3727 ex
346 3681 423 3730 his
461 3683 755 3734 luculenter
785 3685 1075 3734 illustratur
1094 3684 1311 3748 insignis

252 3754 389 3806 locus
413 3757 649 3811 Pacuvii.
715 3760 895 3811 Habes
912 3761 1033 3811 etin
1054 3759 1307 3825 Adelphis

248 3829 499 3885 Terentii.
533 3838 640 3887 Jos.
661 3837 790 3888 Scal-

312 3910 714 3978 Mutia-larum]
747 3917 994 3973 Mettica,
1017 3924 1072 3966 et
1094 3916 1313 3967 diminu-

252 3987 372 4046 tive.
394 3992 696 4060 Manlia-alce,
729 4009 890 4053 zona»,
929 3996 1116 4060 quibus
1147 3998 1312 4046 instar

253 4080 389 4127 pera
439 4070 667 4121 Veteres
725 4072 1028 4135 utebantur,
1078 4082 1132 4123 et
1188 4074 1311 4124 inde

251 4144 497 4195 munima·
530 4153 586 4197 et
614 4148 938 4210 mentientur-i,
958 4148 1117 4199 furari
1140 4156 1197 4200 et
1221 4150 1313 4200 do-

251 4219 355 4271 lose
398 4236 577 4286 agere.
646 4223 815 4275 Gloss.
860 4226 876 4253 ‘
901 4226 1316 4289 Manticolarius,

255 4296 495 4359 ’Δι’-371133
530 4306 546 4328 ‘
571 4302 880 4353 Manticulor
907 4301 1231 4365 sexwlfum)
1267 4305 1318 4354 1-

1385 2223 1491 2265 tem
1516 2213 1697 2265 dolose
1729 2218 1951 2263 tentare.
2021 2211 2196 2261 61033.
2235 2208 2448 2259 Graeco-

1384 2293 1502 2341 Lat.
1524 2289 1774 2354 ‘au-sapito,
1792 2298 1956 2345 tento,
1976 2288 2245 2338 manculor
2261 2286 2294 2336 ε’
2313 2286 2455 2337 dice-

1385 2369 1537 2420 batur
1553 2371 1709 2420 etiam
1729 2377 1781 2418 et
1798 2369 2123 2417 unanimum».
2161 2365 2331 2416 Gloss.
2356 2363 2451 2413 Isi-

1384 2450 1495 2498 dor.
1533 2446 1932 2510 ‘Manticulare,
1967 2437 2208 2494 fraudare
2245 2442 2326 2491 vel
2360 2441 2450 2491 de·
2540 2476 2543 2481 «

1385 2526 1596 2591 cipere.’
1664 2525 1780 2575 Nisi
1826 2523 1896 2573 ibi
1944 2524 2100 2571 etiam
2148 2519 2453 2568 manticulari

1386 2606 1453 2655 sit
1479 2602 1885 2654 rescribendum.
1940 2600 2043 2649 Sed
2069 2598 2194 2648 nihil
2218 2609 2448 2645 necesse.

1388 2681 1557 2731 61033.
1603 2676 1973 2729 Arabico-Lat.
2026 2678 2040 2703 ‘
2069 2671 2451 2732 Manticulatio,

1386 2757 1597 2809 fallacia
1620 2757 1702 2807 vel
1725 2752 2070 2806 lenocinium-³
2105 2752 2267 2800 Immo
2292 2749 2448 2798 etiam

1389 2837 1555 2886 videri
1581 2841 1757 2900 potest
1777 2829 2081 2883 manticulari
2103 2828 2299 2877 dictum
2323 2824 2448 2874 fuis·

1388 2927 1444 2962 se
1467 2927 1561 2975 pro
1585 2911 1811 2962 mantilia
1843 2910 1953 2958 sive
1977 2904 2283 2957 manticulas
2307 2902 2451 2953 colli-

1389 3004 1548 3055 gere:
1586 2990 1619 3039 i.
1647 3004 1730 3038 res
1762 2986 1980 3037 furtivas
2012 2996 2314 3042 convasare,
2348 2994 2450 3046 quo

1387 3085 1537 3119 seusu
1556 3067 1671 3118 fere
1689 3066 1827 3117 Galli
1842 3066 2041 3128 dicunt,
2055 3061 2448 3127 piierlatoilette.

1388 3147 1541 3198 Quod
1586 3154 1641 3197 et
1678 3158 1902 3194 monuere
1939 3141 2074 3191 dixit
2113 3137 2389 3195 Laberius,
2420 3150 2451 3184 a

1385 3224 1591 3287 munais,
1645 3222 1695 3273 id
1754 3229 1852 3284 est,
1905 3217 2198 3283 manipulis.
2280 3214 2454 3264 61033.

1388 3304 1403 3331 ‘
1427 3304 1639 3364 Manna,
1691 3295 2019 3362 manipulus.’
2085 3294 2221 3344 Item
2279 3291 2450 3341 61033.

1388 3378 1722 3429 Graeco-Lat.
1752 3377 1767 3402 ⁴
1785 3371 1985 3437 δράγμα,
2002 3369 2311 3434 manipulus,
2345 3380 2453 3416 ma-

1389 3472 1510 3515 nua,
1531 3452 1777 3518 dragma?
1816 3453 1943 3501 Duc.

1451 3536 1469 3567 ²
1505 3532 1746 3595 Mantisa]
1784 3530 1905 3580 Non
1946 3534 2025 3577 est
2068 3527 2312 3581 Tuscum,
2356 3520 2451 3570 sed

1391 3626 1572 3675 purum
1599 3618 1779 3673 putum
1803 3607 2072 3657 Latinum:
2099 3600 2337 3658 Mantua,
2358 3610 2453 3661 pro
2510 3596 2521 3611 ⁸

1388 3693 1663 3737 manatense
1679 3702 1695 3735 .·
1729 3692 1788 3734 ut
1832 3686 1846 3711 ‘
1867 3679 2173 3730 mauterium
2194 3675 2207 3698 ’
2230 3673 2454 3723 Varroni

1391 3780 1482 3830 pro
1516 3768 1530 3791 ⁸
1551 3758 1941 3820 manuteriumz‘
1975 3751 2223 3805 ‘Tesutu'
2257 3750 2454 3816 antiqui

1393 3857 1488 3907 pro
1518 3844 1535 3870 ⁴
1560 3837 1790 3890 tensum'
1824 3834 2091 3888 dicebaut,
2114 3836 2170 3880 et
2200 3832 2216 3859 ‘
2238 3827 2457 3893 pesum,’

1391 3933 1483 3969 seu
1538 3919 1553 3946 ⁴
1581 3913 1819 3981 pessum,'
1879 3925 1973 3975 pro
2034 3916 2047 3936 ¹
2075 3921 2290 3974 pensum
2312 3904 2344 3955 ε’
2402 3913 2457 3956 et

1388 3998 1406 4025 ⁸
1421 4009 1628 4061 passum
1644 3994 1659 4017 '
1680 4007 1774 4058 pro
1797 3991 1813 4020 ‘
1836 3986 2085 4055 pansum!
2122 3985 2296 4049 Igitur
2312 3983 2460 4034 Mun·

1393 4074 1506 4132 tiso,
1525 4086 1616 4122 seu
1636 4068 1897 4130 manusco,
1916 4062 2055 4131 quod
2078 4062 2262 4113 melius
2281 4067 2378 4123 est,
2402 4066 2459 4110 et

1395 4158 1544 4201 extat
1576 4150 1626 4199 in
1655 4143 1960 4214 quibusdam
1985 4139 2248 4192 veteribus
2270 4137 2457 4188 editio-

1397 4227 1568 4290 nibus,
1602 4224 1796 4275 dictum
1822 4236 1916 4288 pro
1941 4221 2248 4277 manatense,
2273 4228 2371 4279 pro
2394 4229 2457 4263 eo

1401 4304 1538 4371 quod
1583 4318 1741 4365 mauu,
1785 4298 2085 4365 porrigitur,
2136 4298 2332 4360 praeter
2383 4290 2456 4349 id,
