3020 4853
654 393 751 440 DE
799 389 1209 441 VERBORUM
1260 386 1873 437 smuttvlcs'rlonn
1923 385 2067 433 1218.
2117 385 2162 432 1.

2407 367 2494 432 85

325 542 697 627 Aquagium
718 549 746 576 ¹¹
792 541 985 626 quasi
1017 558 1212 625 aquae
1250 539 1495 623 agium,
1530 534 1599 601 id
1631 542 1755 615 est,
1778 550 1973 620 aquae
1998 533 2235 598 ductus
2266 530 2492 616 appel·

407 648 595 712 latur'.

324 749 716 835 Aquarioli⁸
748 748 1140 817 dicebantur
1168 744 1521 811 mulierum
1554 739 2039 826 impudicarum
2081 735 2337 802 sordidi
2374 734 2495 801 ad·

404 855 627 920 seclae.

320 947 653 1042 Aquilus'r
683 956 870 1021 color
913 959 1021 1020 est
1046 953 1299 1028 fuscus,
1331 958 1399 1016 et
1427 950 1779 1031 subniger:
1825 967 1868 1011 a
1897 965 2032 1031 quo
2058 944 2290 1028 aquila
2309 944 2495 1008 dicta

402 1081 552 1126 esse
598 1060 892 1127 videtur:
938 1057 1239 1142 quamvis
1262 1074 1410 1119 eam
1436 1054 1523 1119 ab
1552 1060 1747 1118 acute
1777 1048 2067 1117 volando
2095 1049 2343 1114 dictam
2374 1066 2496 1112 vo-

407 1166 580 1231 lunt.
665 1161 958 1247 Aquilus
1016 1166 1235 1226 autem
1291 1157 1480 1222 color
1537 1156 1623 1221 ab
1673 1173 1853 1238 aqua
1903 1162 2012 1218 est
2063 1151 2445 1217 nominatus
2476 1168 2494 1213 :

402 1288 560 1335 nam
598 1287 751 1332 cum
782 1265 1042 1349 antiqui
1071 1265 1247 1328 duos
1279 1260 1551 1326 omnino
1583 1259 1916 1324 naturales
1945 1263 2240 1333 nossent,
2270 1252 2338 1319 id
2368 1257 2496 1331 est,

1292 1426 1507 1479 NOTAE

321 1568 674 1621 denunciatisss
752 1567 994 1617 Fortasse
1037 1565 1201 1614 Varro
1247 1563 1365 1612 Tus·

316 1664 417 1698 cm
458 1646 733 1712 aquilicem,
779 1646 858 1693 vel
903 1641 1166 1706 Aquilicem
1218 1640 1368 1696 dixit,

318 1725 451 1790 quod
477 1721 867 1782 sacrificiorum,
881 1726 933 1769 et
950 1717 1023 1767 rei
1040 1718 1228 1767 divinae
1249 1731 1367 1781 pro·

316 1803 606 1864 curatione,
630 1813 844 1865 quarum
871 1811 1040 1846 rerum
1064 1796 1217 1859 periti
1240 1797 1366 1844 Tus-

316 1884 362 1933 ci
385 1890 559 1943 eraut,
578 1893 735 1944 aquas
757 1876 1011 1928 eliciebat.
1043 1874 1218 1925 Verba
1235 1875 1365 1923 Var-

316 1962 450 2011 ronis
484 1967 611 2010 snut
646 1959 756 2008 baec
796 1971 859 2005 ex
900 1958 1081 2019 Satyra
1107 1954 1369 2018 Quinqua-

316 2038 503 2087 tribus:
542 2037 561 2064 ⁴
584 2033 665 2086 Au
691 2033 787 2083 hoc
814 2038 1027 2096 pru-stat
1051 2030 1366 2093 Herophilus

316 2113 563 2176 Diogeni,
596 2110 729 2177 quod
770 2110 858 2159 ille
896 2124 926 2157 e
964 2115 1145 2157 ventre
1182 2122 1366 2172 aquam

206 2184 210 2189 ’
311 2192 503 2242 mittit?
566 2204 631 2239 an
674 2190 771 2238 hoc
818 2194 871 2236 te
912 2186 1115 2250 jactas?
1170 2193 1225 2235 at
1267 2185 1366 2234 hoc

312 2274 465 2332 pacto
491 2266 677 2315 utilior
701 2263 953 2313 te'l'uscus
976 2260 1217 2325 aquilex.⁹
1263 2262 1365 2310 'ra-

313 2359 427 2394 men
466 2342 598 2393 nihil
636 2338 868 2404 impedit,
907 2345 961 2387 et
995 2353 1087 2401 pro
1123 2338 1366 2388 libratore

313 2435 562 2486 aquarum
583 2432 804 2468 sumere.
869 2414 1217 2464 Glossarium:
1252 2416 1268 2444 ⁸
1292 2412 1365 2463 A·

315 2500 545 2563 quilices‚
568 2496 617 2546 ol
635 2496 698 2544 τὰ
713 2493 974 2560 §spa-,4722
992 2491 1309 2556 ἐργαζόμενοι,
1323 2493 1369 2542 οἱ

312 2572 626 2638 duxerimus,
645 2572 914 2632 ποταμῖτω,
933 2566 1236 2632 ὑδροπόται)
1281 2568 1368 2617 lta

313 2652 444 2702 enim
490 2649 747 2715 legendus
792 2656 869 2696 est
916 2647 1056 2696 locus
1104 2645 1190 2693 ille
1229 2644 1366 2709 apud

314 2717 573 2780 auctorem
601 2725 863 2775 Glossarii.
896 2725 1001 2772 Jos.
1026 2722 1150 2771 θοαὶ.
1184 2743 1191 2748 ·

374 2801 716 2872 Aquaelicium]
753 2803 881 2853 Cum
919 2810 1135 2866 propter
1159 2799 1374 2873 nimiam¹

314 2883 606 2934 siccitatem
644 2881 891 2929 manalem
925 2877 1149 2942 lapidem
1189 2877 1240 2926 iu
1285 2892 1364 2926 ur·

312 2962 423 3011 beru
440 2959 831 3025 protrahebant,
849 2966 903 3007 ut
925 2970 1081 3021 aquas
1098 2955 1365 3005 elicerent.

315 3037 449 3088 Vide
473 3041 489 3066 ‘
510 3036 736 3088 Manalis
760 3031 917 3098 lapis-⁹
967 3030 1234 3081 Sacrificia
1258 3038 1366 3080 tum

315 3123 523 3180 peracta
548 3112 717 3162 innuit
737 3109 1040 3160 Tertullian.
1072 3108 1089 3134 ⁴
1112 3107 1368 3173 Aquilicia

314 3193 430 3245 Jovi
471 3189 767 3251 immolatis,
802 3186 1131 3250 nudipedalia
1176 3187 1367 3250 populo

315 3268 663 3319 denuntiatis!
715 3265 941 3331 Aquilex
958 3265 1041 3329 qui
1062 3264 1271 3328 hujusce
1293 3263 1363 3311 rei

317 3347 682 3409 procuratione
694 3357 852 3408 aquas
866 3340 1127 3403 eliciebat,
1145 3342 1159 3368 ⁸
1174 3339 1367 3389 Tuscus

317 3422 547 3488 squilex'
592 3423 761 3471 dictus
802 3418 938 3484 quod
984 3419 1158 3467 barum
1198 3433 1367 3468 rerum

318 3501 467 3562 periti
502 3498 661 3549 Tusci
686 3502 849 3547 erant.
914 3496 1081 3546 Varro
1105 3495 1158 3545 in
1181 3496 1369 3559 Satyra

316 3575 746 3641 Quinquatribus:
773 3579 788 3602 ‘
808 3572 889 3622 An
912 3572 1010 3621 boc
1034 3578 1245 3636 prastat
1260 3572 1368 3621 He-

316 3653 542 3717 ropbilus
582 3650 826 3713 Diogeni,
854 3648 987 3712 quod
1025 3649 1111 3697 ille
1134 3663 1163 3699 e
1187 3641 1368 3698 ventre

318 3746 499 3794 aquarn
535 3728 734 3779 mittit?
768 3741 832 3776 an
866 3725 962 3775 hoc
996 3734 1049 3775 te
1076 3726 1281 3790 jactas?
1314 3733 1368 3776 at

282 3865 287 3870 ⁴
317 3808 411 3858 hoc
448 3814 609 3870 pacto
644 3803 820 3853 utilior
842 3811 896 3852 te
920 3802 1113 3852 Tuscus
1135 3802 1373 3868 aquilex!

318 3881 665 3937 Quamvisibi,
683 3887 741 3929 ut
757 3880 951 3943 optime
968 3879 1219 3944 Scaliger,
1231 3880 1376 3945 aqui·

318 3962 400 4010 lex
422 3959 729 4024 simpliciter
754 3957 881 4005 sumi
918 3957 1077 4020 possit
1104 3972 1197 4020 pro
1221 3973 1375 4024 aqua-

320 4053 428 4088 rum
443 4038 707 4085 libratore.
723 4034 1063 4084 Glossarium:
1079 4036 1370 4099 ‘aquilices,

320 4113 365 4162 ol
381 4112 445 4162 τὰ
467 4111 735 4176 §ombria
750 4107 1063 4175 ἐργαζόμενοι,
1075 4111 1119 4160 ol
1140 4111 1370 4176 ἂνοχετά-

322 4209 425 4255 ριοι,
439 4190 713 4251 manirera,
734 4186 1021 4250 ὖδροσκόποι.
1071 4188 1236 4238 Prout
1259 4190 1371 4254 ipse

320 4269 456 4320 hune
488 4269 658 4320 locum
690 4264 906 4330 digessit
935 4264 1021 4334 qui
1043 4267 1369 4332 corruptissi-

1444 1576 1528 1610 me
1570 1560 1778 1624 legitur.
1842 1555 1987 1608 Infra
2030 1556 2148 1619 ista,
2186 1554 2231 1603 si
2271 1553 2499 1614 creditur,

1445 1645 1565 1687 sunt
1582 1635 1787 1687 barbari
1823 1634 2152 1694 mutilatoris,
2181 1630 2266 1696 qui
2290 1629 2495 1679 dubita-

1444 1715 1521 1766 vit
1544 1715 1663 1765 olim
1686 1716 1863 1765 Romu:
1888 1712 2113 1761 manales
2147 1722 2356 1759 verrere
2380 1707 2498 1757 soli·

1446 1800 1527 1843 tos
1548 1790 1724 1841 fuisse·
1763 1792 1887 1841 Duc.

1516 1877 1538 1902 ⁸
1558 1868 1848 1932 aquagium]
1875 1866 2018 1919 Idem
2042 1862 2178 1931 quod
2196 1861 2500 1927 Aquarium.

1448 1945 1791 1998 Glossarium:
1818 1943 1834 1971 ‘
1853 1942 2158 2010 Aquarium,
2182 1936 2501 2002 §Bpaybywm’

1444 2024 1552 2073 Jos.
1576 2022 1702 2071 Scal-

1510 2098 1804 2163 Aquagim]
1836 2096 1984 2148 Idem
2026 2095 2164 2162 quod
2197 2091 2499 2158 Aquarium.

1445 2177 1796 2229 Glossarium:
1842 2175 2174 2241 ‘Aquarium,
2197 2170 2500 2234 ὑδραγόγιον,

1444 2249 1814 2319 aquaeductum·
1847 2251 1972 2302 Dae.

1510 2330 1843 2396 ¹Aquariolu‘]
1875 2329 1962 2380 Sic
2005 2326 2213 2392 proprie
2253 2324 2499 2374 diceban·

1447 2416 1532 2461 tur
1555 2411 1641 2475 qui
1666 2423 1851 2475 aquam
1871 2403 2226 2457 meretricibus
2249 2402 2504 2452 ministra·

1445 2487 1589 2542 baut,
1625 2500 1727 2551 qua
1771 2499 1826 2534 se
1854 2489 1988 2547 post
2031 2482 2288 2529 Venerem
2323 2477 2497 2528 ablue-

1447 2572 1581 2612 rent.
1660 2561 1996 2619 Glossarium,
2030 2560 2046 2586 ⁸
2073 2555 2342 2622 aquarioli,
2377 2557 2503 2609 βαλ-

1446 2637 1626 2702 λάδες,’
1650 2654 1762 2688 nam
1786 2636 1978 2695 βαλλᾶς
2001 2652 2029 2686 a
2059 2631 2256 2691 βάλλων
2288 2630 2405 2693 ὕδωρ
2437 2630 2503 2679 ab

1448 2731 1579 2781 aqua
1619 2714 1885 2781 jaciunda.
1955 2706 2088 2763 Inde
2139 2719 2322 2775 postea
2365 2709 2505 2755 leno·

1447 2814 1540 2848 nes
1583 2805 1637 2848 et
1680 2796 1845 2861 stupri
1881 2793 2241 2845 conciliatores
2274 2786 2506 2856 aquarioli

1447 2877 1594 2926 dicti.
1632 2876 1780 2925 Idem·

1510 2962 1534 2997 5
1567 2950 1793 3017 Aquilus]
1823 2948 2161 3002 Glossarium,
2199 2946 2215 2973 ⁸
2242 2942 2505 3007 Aquilum,

1443 3030 1613 3094 μέλαν,
1633 3030 1692 3080 ὥς
1712 3026 2004 3078 Λουκίλλιος.
2010 3024 2022 3044 ’
2072 3025 2258 3077 Varro,
2279 3036 2509 3079 κοσμοτο·

1444 3108 1577 3176 μόνῃ,
1599 3107 1702 3172 περὶ
1725 3107 1899 3170 φθορᾶς
1933 3101 2150 3165 κόσμουι
2184 3101 2200 3128 ⁸
2226 3098 2398 3162 Atque
2423 3095 2506 3144 AE·

1450 3203 1578 3251 geus
1613 3185 1773 3236 fluctu
1807 3197 1959 3249 quam
1998 3181 2125 3231 lavit
2158 3185 2275 3228 ante
2304 3175 2510 3240 Aquilo,

1447 3264 1626 3313 Saevus
1671 3261 1755 3312 ubi
1794 3259 1968 3324 posuit
2004 3256 2238 3320 Neptuni
2266 3252 2397 3302 filius
2422 3266 2508 3299 ur·

1448 3339 1602 3391 beni!
1635 3343 1651 3370 ⁴
1670 3338 1916 3405 Aquilum
1939 3332 2187 3398 fluctum,'
2203 3329 2354 3394 μέλαν
2371 3330 2508 3392 ὕδωρ,

1450 3418 1638 3483 ροὸῑω.
1667 3417 1773 3465 Jos.
1797 3415 1925 3464 θοαὶ.

1514 3494 1718 3558 Aquam
1745 3491 1892 3556 color]
1923 3487 2134 3538 Medius
2166 3487 2304 3535 inter
2335 3483 2508 3533 album

1449 3580 1504 3622 et
1529 3573 1748 3635 nigrum.
1813 3567 1916 3618 Sed
1941 3566 2071 3615 male
2091 3565 2275 3614 Festus
2300 3560 2365 3610 ab
2387 3574 2509 3623 aqua

1448 3650 1640 3701 dictum
1667 3654 1833 3712 putat,
1855 3659 1970 3694 cum
2003 3644 2068 3692 sit
2095 3642 2158 3692 ab
2175 3639 2352 3703 aquila,
2374 3634 2510 3700 quod

1453 3736 1509 3778 et
1549 3726 1712 3776 innuit
1754 3724 1929 3773 Plaut.
1951 3720 2178 3771 Rudent.
2201 3730 2262 3766 ιι.
2284 3718 2332 3764 4.
2366 3711 2511 3774 ‘Eja

1454 3819 1641 3869 corpus
1688 3798 2040 3867 quojusmodi?
2122 3791 2512 3843 Subvolturium

1454 3880 1583 3931 illud
1629 3877 1852 3945 quidem,
1897 3872 2221 3938 subaquilum
2266 3868 2401 3916 volui
2437 3866 2513 3915 di-

1458 3955 1615 4009 cere!
1679 3953 1855 4017 Aquila
1879 3959 2051 3999 autem
2076 3957 2133 3997 nt
2156 3946 2346 4011 optime
2361 3944 2513 3995 Cani·

1458 4037 1576 4084 nius
1614 4048 1644 4081 a
1680 4029 1874 4094 Cyprio
1907 4043 2043 4090 agor.
2110 4023 2343 4089 Hesych.
2377 4023 2512 4084 ἆγὸρ,

1450 4109 1608 4172 ἀετὸς,
1634 4108 1862 4171 Κύπριοιε
1905 4120 2048 4170 agor,
2088 4104 2279 4168 aquila,
2317 4099 2512 4164 Cyprii.

1452 4190 1605 4250 Agar,
1638 4201 1666 4235 r
1712 4190 1904 4233 minato
1947 4183 1998 4231 iu
2033 4181 2108 4246 l,‘
2134 4176 2286 4244 agol‚'
2318 4176 2334 4205 ‘
2361 4170 2514 4240 agull

1454 4269 1470 4296 ⁸
1494 4261 1651 4331 aqul,'
1683 4261 1698 4290 ‘
1723 4258 1928 4327 aquila?
1963 4259 2086 4310 Duc.
