3020 4853
453 405 548 450 ne
598 395 1015 449 vssRnoRuM
1060 381 1684 450 smmrtcs'rrouu
1731 401 1880 449 ΜΒ.
1927 401 2091 450 xiv.

2264 387 2395 488 ,⁶⁷³

310 545 580 628 congius
611 546 746 612 vini
774 545 1008 611 decem
1041 544 1121 610 P.
1152 544 1265 611 IS.
1286 552 1337 584 ¹²
1425 545 1587 610 Sex
1621 545 1911 611 Sextarii
1939 545 2220 628 congius
2266 547 2399 612 siet
2504 593 2509 599 -

308 647 475 712 vini:
521 647 1226 733 duodequinquaginta
1272 648 1555 714 sextarii
1606 647 2006 731 quadrantal
2047 650 2182 726 siet
2233 649 2397 714 vini.

307 749 654 816 Sextarius
685 772 922 836 aequus
954 772 1149 836 aequo
1180 771 1331 817 cum
1360 752 1631 818 librario
1655 758 1699 798 ¹³
1725 754 1897 818 siet:
1941 772 2062 818 sex
2093 750 2178 816 de
2208 752 2398 835 quin-

307 871 436 938 que
462 852 651 919 librae
677 861 733 902 ¹⁴
777 855 843 920 in
892 854 1120 920 modio
1167 853 1373 920 sient:
1418 855 1478 920 si
1506 854 1661 939 quis
1701 853 2132 938 magistratus
2162 854 2400 919 adver-

305 974 422 1021 sus
464 955 593 1022 hac
622 960 670 996 ¹⁵
719 957 805 1022 D.
835 955 937 1021 Μ.
980 955 1280 1042 pondera
1329 958 1744 1042 modiusque,
1772 976 2068 1040 vasaque
2104 956 2397 1041 publica,

306 1057 598 1137 modica,
625 1060 906 1139 minora,
926 1060 1266 1145 majorave
1291 1059 1487 1141 faxit,
1524 1059 1817 1145 jussitve
1843 1079 1916 1126 re
1942 1059 2112 1139 fieri,
2144 1059 2402 1125 dolum-

304 1181 387 1227 ve
448 1161 703 1240 adduit,
763 1162 937 1247 quod
995 1183 1078 1229 ea
1107 1162 1294 1243 fiant,
1323 1183 1474 1229 eum
1534 1164 1688 1246 quis
1730 1164 1917 1229 volet
1962 1163 2400 1246 magistratus

303 1262 654 1343 multare,¹⁶
682 1264 836 1330 dum
859 1265 1106 1333 minore
1135 1266 1351 1350 patris
1381 1265 1669 1332 familias
1692 1273 1927 1333 taxat:
1972 1267 2214 1348 licet03
2258 1266 2403 1332 sive

305 1366 454 1449 quis
474 1367 541 1430 in
571 1385 833 1433 sacrum
855 1366 1162 1452 judicare
1196 1367 1498 1450 voluerit,
1526 1368 1746 1435 liceto.

222 1467 511 1534 Publica
541 1477 787 1547 szstcru,q
809 1489 963 1553 quae
991 1469 1269 1555 publico
1285 1479 1560 1555 sumptu
1588 1469 1710 1556 pro
1729 1471 1987 1555 populo
2007 1470 2199 1550 fiunt,
2223 1489 2404 1554 quee-

298 1589 429 1653 que
494 1590 618 1655 pro
669 1572 1026 1650 montibus,
1082 1574 1301 1656 pagis,
1352 1574 1583 1651 curiis,
1642 1573 1909 1638 sacellis
1939 1593 1959 1640 :
2004 1580 2078 1638 at
2119 1574 2403 1656 privata,

303 1692 459 1756 quae
488 1693 610 1758 pro
636 1673 917 1757 singulis
948 1674 1351 1752 bominibus,
1380 1672 1678 1753 familiis,
1706 1675 2018 1758 gentibus
2045 1675 2230 1740 fiunt.
2388 1675 2394 1680 ’

220 1773 509 1840 Publica
552 1796 769 1855 sacra,
821 1796 972 1860 quae
1018 1796 1144 1861 pro
1199 1777 1449 1861 populo
1490 1777 1786 1859 fiebant3
1830 1777 2095 1861 privata
2133 1776 2403 1856 [PAUL.

302 1897 459 1964 quae
488 1898 613 1962 pro
641 1879 923 1962 singulis
952 1877 1355 1957 bominibuS,
1383 1887 1454 1945 et
1482 1880 1764 1945 familiis
1790 1880 2249 1964 appellabant.

221 1977 575 2046 Publicius
593 1987 616 2017 '
644 1981 865 2047 clivus
899 1983 1298 2068 appellatur,
1327 2002 1534 2067 quem,
1557 1984 1694 2048 duo
1722 1984 1963 2049 fratres
1991 1982 2070 2047 L.
2096 1981 2198 2047 Μ.
2229 1981 2410 2047 Pub-

1131 2164 1313 2186 ”OOOO
1315 2165 1494 2188 000000

280 2282 343 2327 12
377 2277 460 2326 Id.
486 2277 871 2329 ibid.sict.—18
906 2279 987 2330 Id.
1010 2278 1135 2330 ibid.
1159 2280 1497 2330 vitarim—1⁴
1530 2280 1614 2330 Id.
1651 2278 1776 2329 ibid.
1810 2278 2074 2341 sexdecinq.
2099 2276 2291 2338 ϋ.-16
2325 2275 2405 2324 Id.

213 2340 343 2392 ibid.
362 2343 619 2394 hoa—16
652 2343 730 2394 Id.
752 2343 878 2394 ibid.
898 2346 1142 2396 multetur.
1206 2346 1269 2396 ln
1293 2352 1441 2396 textu
1456 2346 1706 2410 scaligeri
1729 2352 1812 2396 est
1829 2345 2129 2393 multo-cm.

1207 2472 1430 2524 ⁸0⁰1·AE

274 2595 301 2630 «ι
336 2587 546 2639 Publica
564 2588 726 2654 sucre]
758 2588 892 2639 Vide
930 2588 1181 2655 ‘private
1198 2587 1275 2639 fe-

209 2663 341 2716 ria!
370 2666 531 2715 Iden.

273 2749 295 2777 ¹·
327 2739 611 2803 Publicius]
643 2740 803 2792 Osid.
844 2742 933 2793 lib.
971 2757 1024 2792 v.
1076 2744 1275 2793 Pastor.

210 2818 428 2869 eosdem
476 2826 492 2849 ·
523 2817 718 2869 AEdiles
764 2818 968 2869 Plebis’
1011 2821 1276 2885 appellen

205 2895 344 2959 quod
368 2895 497 2945 mibi
525 2892 586 2944 fit
617 2894 910 2955 verisimile,
945 2910 1059 2947 cum
1085 2892 1278 2959 plebeii

206 2970 308 3034 ipsi
332 2969 570 3021 fuerint:
610 2984 804 3035 eosque
837 2970 914 3021 sit
946 2971 1136 3035 primos
1160 2971 1276 3022 Flo·

209 3047 347 3097 tales
387 3046 545 3097 ludos
583 3046 887 3098 instituisse.
956 3047 1168 3099 Anuuos
1188 3061 1278 3097 au·

207 3126 313 3174 tem
342 3123 697 3185 Postumium,
716 3130 773 3173 et
795 3122 1059 3174 Loenatem
1083 3124 1277 3175 Consu·

205 3200 304 3250 lcs.
375 3200 557 3250 Fuere
590 3198 641 3248 hi
675 3199 947 3262 Consules,
971 3207 1037 3250 vut
1062 3199 1278 3251 arbitra·

205 3291 342 3341 mur,
379 3278 441 3328 1..
476 3276 778 3328 Postumius
812 3275 1047 3339 Albinus,
1072 3276 1148 3327 M.
1173 3277 1277 3328 Po-

205 3356 386 3419 pillius
425 3357 617 3406 Loenss
647 3368 782 3405 auno
817 3355 953 3405 urbis
986 3368 1201 3406 maxx.
1232 3356 1278 3407 si

204 3431 373 3484 fustus
410 3430 738 3496 Capitolinos
759 3445 1048 3496 sequamur.
1111 3432 1185 3484 At
1208 3448 1275 3485 ex

202 3508 450 3571 denario,
472 3509 568 3574 qui
589 3514 754 3570 extat,
785 3508 1137 3572 Serviliorum,
1172 3509 1277 3573 pri·

204 3597 320 3634 mus
346 3585 411 3636 C.
435 3582 694 3635 Servilius
718 3584 779 3634 C.
801 3584 861 3633 F.
882 3584 1110 3634 Floralia
1128 3584 1277 3637 fecit.

204 3660 486 3713 Patercul.
534 3660 672 3711 libro
713 3662 884 3724 priore
923 3661 1017 3724 ait,
1054 3662 1277 3712 triennio

200 3745 321 3801 post
331 3740 682 3802 Torquatum,
694 3747 750 3787 et
767 3738 1125 3802 Sempronium
1142 3738 1279 3787 Con·

199 3815 364 3877 sales,
383 3814 670 3866 Floralium
693 3814 928 3865 ludorum
944 3812 1142 3863 factum
1164 3826 1278 3863 esse

201 3892 433 3944 initium.
502 3890 690 3940 Annus
713 3890 756 3939 is
777 3896 860 3940 est
889 3890 941 3939 in
977 3887 1280 3952 Capitolinis

200 3964 355 4017 fastis
378 3978 540 4017 oxu.
606 3964 893 4029 Interpreti
928 3964 1082 4016 Arsti
1118 3978 1279 4014 annus

201 4056 364 4094 nxvr.
398 4043 535 4093 Aue.
559 4041 690 4102 Aug.

270 4120 539 4170 Publicius
589 4120 760 4185 etim]
835 4119 1003 4169 Varro
1054 4117 1144 4169 lib.
1197 4132 1281 4169 ιν.

201 4203 216 4225 ’
234 4197 420 4248 Clivus
444 4193 721 4245 Publicius
756 4194 821 4245 ab
848 4194 1085 4246 aedilibus
1109 4194 1283 4258 plebei

204 4274 494 4334 Publiciis,
537 4271 628 4335 qui
658 4285 776 4321 eum
815 4271 1024 4335 publice
1058 4270 1283 4324 adifica-

338 4353 533 4417 Delph.
554 4357 602 4401 et
620 4352 736 4403 Ver.
756 4351 888 4405 Clus-

1158 4352 1326 4417 Pomp.
1349 4353 1484 4404 Fest-

1353 2589 1507 2642 ruut.'
1573 2588 1677 2640 Ubi
1719 2587 1983 2639 Publicius
2016 2586 2210 2638 AEdiles
2243 2581 2411 2648 plebis

1353 2673 1508 2716 voest
1545 2666 1733 2729 Varro,
1768 2672 1827 2717 et
1864 2676 2042 2713 verum
2082 2668 2181 2719 est,
2212 2674 2330 2710 nam
2355 2667 2411 2710 et

1352 2741 1546 2807 plebeii
1586 2743 1685 2806 ipsi
1741 2740 1972 2792 fuerunt.
2047 2739 2196 2790 Idem
2251 2737 2409 2787 ctiam

1352 2816 1509 2868 Ovid.
1543 2817 1634 2869 lib.
1667 2830 1723 2868 v.
1757 2817 1902 2867 Fsst.
1938 2814 2026 2880 qui
2062 2820 2226 2865 totum
2248 2811 2409 2863 bisto-

1351 2893 1480 2946 riam
1503 2893 1580 2945 sic
1613 2891 1807 2944 refert:
1844 2893 1861 2921 ⁸
1881 2893 2112 2944 Venerat
2141 2890 2193 2941 iu
2213 2903 2410 2940 morem

1353 2970 1532 3035 populi
1564 2970 1854 3034 depascere
1886 2970 2081 3020 saltus:
2119 2967 2288 3032 quue
2319 2966 2410 3015 diu

1351 3046 1520 3108 licuit,
1551 3061 1806 3112 poensque
1841 3047 1985 3097 nulla
2010 3045 2127 3098 fuit.
2191 3042 2410 3094 Vindice

1351 3124 1634 3174 servabant
1669 3125 1811 3176 nullo
1841 3139 1936 3174 sus
1966 3122 2179 3189 publica
2214 3120 2413 3187 vulgus,

1350 3201 1576 3266 Jamque
1620 3201 1673 3255 iu
1713 3201 1919 3265 privato
1963 3214 2180 3265 pascere
2225 3198 2410 3250 inertis

1351 3284 1484 3330 erat.
1553 3278 1731 3330 Plebis
1755 3277 1821 3328 ad
1852 3277 2046 3329 AEdiles
2072 3276 2328 3342 perducta
2347 3276 2413 3325 li-

1352 3356 1529 3406 centia
1549 3356 1668 3407 talis
1685 3355 1985 3409 Publicius:
2020 3356 2218 3405 animus
2238 3350 2413 3403 defuit

1353 3438 1477 3482 ante
1522 3433 1661 3483 viris.
1737 3432 1870 3482 Rem
1916 3432 2138 3496 populus
2183 3429 2410 3491 recipit:

1350 3513 1598 3562 mulctam
1612 3510 1816 3562 subiere
1831 3515 2094 3561 nocentes:
2109 3505 2411 3557 vindicibus

1352 3585 1493 3639 laudi
1518 3586 1729 3651 publica
1749 3600 1872 3636 curs
1892 3583 2009 3634 fuit.
2061 3582 2266 3633 Mulcta
2286 3578 2413 3628 data

1352 3671 1436 3714 est
1459 3677 1525 3713 ex
1550 3671 1697 3725 parte
1719 3660 1873 3710 milii:
1913 3670 2200 3720 magnoque
2230 3653 2411 3706 favore

1354 3738 1597 3789 Victores
1612 3735 1759 3786 ludos
1776 3734 2050 3785 instituere
2067 3746 2248 3783 novos.
2282 3730 2409 3781 Pur-

1355 3823 1411 3867 te
1450 3817 1627 3867 locant
1658 3812 1797 3868 clivi,
1833 3811 1920 3875 qui
1956 3819 2079 3860 tuuc
2113 3815 2227 3859 erst
2247 3806 2411 3857 ardua

1357 3906 1547 3955 rupes:
1587 3890 1729 3940 Utile
1755 3882 1893 3939 nunc
1926 3887 2030 3938 iter
2051 3893 2149 3948 est,
2183 3884 2413 3936 Publici-

1357 3981 1545 4031 umque
1566 3962 1792 4016 vocant.'
1826 3961 1920 4012 Ait
1945 3962 2099 4012 Flora
2111 3975 2176 4011 ex
2196 3960 2412 4011 mulcta-

1355 4043 1472 4093 titis
1502 4040 1721 4107 pecunia
1752 4038 1939 4089 clivum
1976 4037 2266 4089 Publicium
2301 4051 2410 4087 mu·

1356 4118 1541 4179 ultum,
1563 4125 1617 4167 et
1642 4115 1740 4168 sibi
1762 4112 1996 4167 Florales
2031 4112 2178 4163 ludos
2208 4112 2415 4163 iustitu-

1357 4202 1454 4246 tos.
1521 4193 1583 4245 lu
1606 4192 1776 4244 verbis
1805 4189 1948 4241 Festi
1987 4190 2040 4240 in
2076 4189 2178 4241 fine
2201 4189 2413 4253 legebat

1356 4273 1489 4324 Scal-
1531 4271 1753 4324 Velsiculc
1771 4269 1931 4321 uenire
1947 4268 2144 4333 possint.
2211 4268 2411 4330 Legen-

2172 4351 2204 4396 2
2237 4346 2284 4396 U
