3020 4853
534 339 630 388 DB
676 338 1085 399 vmtnolwu
1131 334 1743 387 smmmou’mnss
1790 336 1938 386 [ΑΒ.
1984 335 2128 386 xn.

2302 318 2433 387 503

337 484 597 572 antiqua
632 483 1009 565 Graecnrnm,
1053 505 1189 550 cum
1220 486 1336 562 ait,
1378 485 1490 562 Ἐξ
1520 481 1681 562 ἀπίης
1712 481 1880 570 γαίης
1910 482 2035 548 νυὸν
2063 483 2263 570 ἀνδρῶν
2291 487 2432 570 αἰχ*-

342 588 596 668 μητίιων.

262 691 559 775 Nuptias
576 702 603 740 ⁸
643 692 859 758 dictas
888 710 1037 756 esse
1069 692 1161 758 ait
1189 690 1431 756 Santra
1461 692 1547 757 ab
1576 710 1684 769 eo,
1715 690 1900 776 quod
1926 691 2253 777 nymphea
2280 690 2432 756 dix-

340 803 529 861 erunt
575 795 798 862 Graeci
839 796 1087 880 antiqui
1130 793 1339 879 γάμον.
1383 794 1540 859 inde
1574 814 1812 864 novam
1838 799 2111 879 nuptam
2143 792 2266 857 νέαν
2295 794 2431 875 νόμ-

342 909 467 975 em.
557 898 974 978 Cornificius,
1020 898 1202 982 quod
1235 917 1401 963 nova
1447 904 1752 982 petantur
1780 899 2105 984 conjugia.

254 990 264 1002 ’
340 1001 496 1077 tine,
539 1001 715 1086 quod
760 1020 934 1067 nova
975 1000 1178 1083 pacio
1201 998 1252 1040 ¹⁶
1294 999 1437 1067 fiat.
1525 1000 1773 1080 AElius,
1818 1006 1883 1066 et
1925 999 2220 1080 Cincius,
2268 1001 2432 1087 quia

337 1102 584 1169 fiameo
630 1111 837 1188 caput
886 1104 1196 1168 nubentis
1242 1103 1658 1183 obvolvatur,
1703 1105 1888 1189 quod
1932 1105 2189 1190 antiqui
2218 1106 2432 1171 obnu-

337 1206 493 1271 bere
525 1213 844 1273 vocarunt
861 1214 910 1255 ¹⁷
954 1207 1040 1271 ob
1091 1225 1294 1289 quam
1339 1224 1615 1272 causam
1652 1207 1866 1291 legem
1900 1227 2168 1292 quoque
2194 1226 2429 1291 paren·

335 1313 508 1373 stam
531 1308 581 1347 ¹⁸
615 1310 851 1395 jubere
883 1316 1089 1392 caput
1117 1309 1261 1392 ejus
1289 1308 1640 1389 obnubere,
1685 1310 1805 1395 qui
1846 1317 2193 1395 parentem
2231 1328 2427 1375 neca·

336 1412 564 1493 visset,
603 1412 779 1495 quod
812 1419 917 1477 est
945 1411 1318 1477 obvolvere.

256 1512 778 1580 Nusciciosum*
820 1512 1061 1579 Ateius
1091 1512 1484 1596 Philologus
1517 1516 1612 1580 ait
1639 1514 1961 1599 appellari
1990 1514 2281 1593 solitum,
2313 1516 2428 1599 qui

332 1622 601 1700 propter
651 1617 989 1681 oculorum
1032 1615 1269 1681 vitium
1316 1636 1558 1700 parum
1601 1617 1884 1682 videret:
1933 1626 2002 1685 at
2045 1616 2128 1683 P.
2160 1616 2429 1701 Opilius

330 1716 730 1795 Aurelius‚¹⁹
756 1718 1178 1784 nusciciones
1206 1738 1354 1783 esse
1384 1718 1819 1792 oaecitudines
1843 1728 2229 1785 nocturnas.
2305 1720 2427 1784 AE-

331 1819 463 1885 lius
509 1820 706 1899 Stilo,
748 1820 864 1904 qui
917 1818 1069 1904 plus
1099 1820 1348 1887 videret
1375 1822 1665 1905 vesperi,
1714 1842 1910 1908 quam
1958 1823 2256 1906 meridie,
2299 1842 2428 1888 nec

332 1930 784 2007 cognosceret,
830 1924 959 1989 nisi
989 1923 1167 2008 quod
1196 1943 1411 2009 usque
1441 1925 1530 1991 ad
1562 1926 1792 1992 oculos
1821 1926 2253 1993 admovisset.

1147 2108 1268 2130 &m
1272 2109 1509 2130 ΝΜΟ

315 2210 375 2256 16
427 2205 561 2256 Ead.
602 2204 685 2256 ed.
722 2207 993 2257 ratim—17
1039 2207 1162 2258 Vet.
1202 2208 1318 2257 cod.
1354 2211 1714 2260 vocarint—18
1779 2210 1914 2261 Scal-
1951 2207 2220 2273 legendnm
2276 2213 2426 2271 putat

253 2274 608 2336 legem‚quoqae
630 2272 815 2321 Parem
831 2278 900 2322 ta.
920 2272 1028 2321 111.
1094 2273 1188 2322 Vir
1229 2273 1368 2323 doct.
1392 2277 1441 2323 in
1475 2290 1635 2339 marg.
1669 2276 1803 2340 conj.
1841 2275 2084 2326 Pan-icam.
2151 2274 2297 2323 Fulv.
2327 2272 2428 2323 Ur·

254 2337 345 2389 oin.
365 2338 488 2401 legit
499 2338 897 2399 sumentem—19
929 2336 1026 2387 Ed.
1046 2336 1187 2388 Seal.
1209 2354 1265 2389 ae
1286 2339 1509 2404 Popilius
1525 2341 1762 2391 Aurelius.

1135 2571 1138 2574 ¹
1231 2505 1447 2557 NoTAE

307 2626 333 2661 t
364 2616 600 2682 Nuptias]
647 2619 796 2671 Quod
840 2619 1018 2670 Graeci
1055 2618 1297 2671 dixerunt

252 2696 501 2759 nymphea:
547 2695 776 2762 intellige
813 2699 1026 2760 νυμφεῖα.
1110 2699 1177 2749 Et
1214 2705 1291 2749 ta-

251 2784 359 2821 men
381 2770 540 2836 νῦμφη
561 2786 660 2822 uon
682 2771 806 2836 παρὰ
834 2772 893 2822 τὸ
928 2763 1165 2836 νυμφᾶῖον,
1201 2774 1291 2823 aed

252 2858 437 2903 contra.
484 2851 780 2903 Obscurum
804 2867 943 2910 vero,
965 2854 1087 2918 quid
1110 2853 1173 2904 sit
1205 2855 1291 2904 lex

250 2926 517 2981 Parensta.
596 2929 735 2979 Puto
781 2929 1069 2994 legendum,
1122 2931 1294 2993 legen,

249 3018 413 3069 quoque
433 3008 624 3078 Pareat
645 3011 714 3056 ta.
741 3019 828 3056 ιιι.
861 3006 959 3056 hoc
988 3014 1086 3069 est,
1106 3006 1294 3071 legem,

250 3082 388 3144 eujus
423 3084 734 3149 principium
769 3084 986 3146 Parem,
1021 3085 1074 3133 in
1094 3085 1293 3140 Tabula

251 3160 426 3211 tertia:
460 3164 537 3211 sic
574 3162 628 3211 in
668 3175 796 3212 voce
830 3162 1047 3212 ‘Reusz'
1077 3169 1091 3191 ⁸
1119 3164 1291 3214 Numa

249 3232 298 3283 iu
347 3237 576 3288 secunda
619 3238 830 3301 Tabula,
876 3238 1102 3290 secunda
1143 3239 1290 3305 lege-⁹

253 3311 363 3364 Non
383 3317 544 3367 solum
568 3314 740 3366 tabula
770 3316 979 3373 citatur,
1000 3315 1090 3366 aed
1112 3325 1165 3366 et
1188 3319 1291 3367 lex.

249 3388 446 3443 Novum
467 3407 590 3443 vero
606 3406 704 3441 non
724 3400 826 3450 est,
848 3393 1040 3456 edicta,
1055 3400 1108 3443 et
1130 3395 1291 3444 actio-

250 3479 334 3515 nes
376 3470 649 3533 legitimas,
692 3477 746 3519 et
785 3470 963 3534 capita
995 3471 1187 3534 legum,
1230 3471 1290 3520 iis

250 3544 408 3596 verbis
425 3547 708 3604 nominare,
734 3562 765 3596 a
787 3546 972 3612 quibus
1000 3547 1257 3611 incipiunt
1273 3564 1290 3596 ε

251 3633 356 3671 eum
380 3623 501 3672 talia
513 3623 701 3687 passim
723 3623 859 3687 apud
878 3622 1097 3673 Veteres
1113 3638 1293 3673 occur-

250 3704 376 3760 rant,
396 3698 683 3762 presertim
708 3698 843 3762 apud
870 3698 1186 3750 Ciceronem.
1209 3700 1291 3748 Ex

248 3772 321 3824 bis
340 3789 438 3826 non
476 3776 687 3827 dubium
727 3785 826 3836 est,
860 3778 1000 3841 leges
1023 3777 1191 3841 regiae
1237 3777 1289 3827 iu

250 3848 509 3903 duodecim
532 3853 729 3904 tabulas
754 3869 782 3903 a
805 3854 1130 3903 Decemviris
1170 3867 1291 3904 con·

246 3926 404 3988 ieetas
426 3929 579 3980 fuine
600 3947 612 3977 ε
639 3940 695 3981 et
720 3932 901 3993 prima,
920 3932 1164 3994 secunda,
1188 3940 1291 3982 ter·

252 4004 317 4054 tia
327 4005 515 4057 Tabula
526 4009 663 4071 leges
677 4008 866 4071 Regias
877 4009 1153 4058 contineri:
1169 4009 1288 4074 quin

249 4079 386 4145 leges
406 4083 592 4148 Regiae
611 4083 677 4133 de
702 4086 874 4149 patria
894 4093 1151 4148 potestate
1174 4088 1287 4137 ina.

249 4158 483 4211 Tabulam
530 4165 717 4213 relatas
766 4170 949 4213 auctor
987 4162 1286 4228 Dionysius.

252 4233 328 4286 De
347 4236 406 4288 iis
428 4248 612 4299 autem,
630 4241 717 4306 qui
736 4248 982 4305 parentes
1002 4241 1288 4294 interfecis-

1374 2628 1491 2674 sent
1508 2628 1599 2673 aut
1623 2620 1998 2682 verberaseent,
2022 2615 2313 2682 Romulum,
2331 2616 2430 2667 Ta·

1374 2700 1523 2763 tium,
1543 2698 1796 2761 Servium,
1816 2696 1986 2759 Rege·
2010 2693 2207 2760 legibus
2230 2694 2427 2758 capita-

1374 2777 1471 2825 lem
1496 2789 1700 2840 poeuam
1724 2773 1973 2834 sanxisse,
2006 2779 2213 2823 constat
2246 2771 2326 2820 vel
2360 2785 2427 2819 ex

1373 2868 1452 2910 eo,
1497 2852 1631 2919 quod
1670 2858 1819 2903 extat
1856 2852 1908 2900 in
1961 2863 2090 2900 voce
2128 2856 2142 2879 ⁴
2169 2847 2428 2910 Plorare‚'

1371 2930 1501 2995 legis
1527 2930 1683 2995 regiae
1704 2927 2008 2993 fragmento.
2054 2927 2188 2977 Nam
2210 2939 2427 2976 neeesse

1371 3017 1454 3058 est
1476 3022 1590 3057 eam
1610 3008 1802 3072 regiam
1822 3007 1984 3070 legem
2008 3003 2186 3062 fuine,
2202 3019 2317 3054 cum
2333 3004 2427 3055 So-

1373 3086 1457 3136 lon
1481 3086 1605 3135 nihil
1627 3086 1695 3136 de
1716 3099 1780 3135 ea
1798 3099 1855 3135 re
1875 3083 2159 3135 statuisset.
2224 3082 2326 3132 Sed
2346 3097 2429 3133 ro-

1373 3169 1545 3227 gatus,
1566 3176 1726 3227 quare
1747 3161 2180 3226 praetermisisset,
2212 3160 2229 3188 ⁸
2253 3159 2428 3222 Qui-,²

1371 3241 1556 3305 inquit,
1604 3248 1618 3270 ⁸
1643 3254 1903 3305 nunquam
1944 3240 2120 3303 putavi
2166 3235 2297 3298 fore,
2337 3239 2424 3302 qui

1372 3325 1572 3367 tantum
1609 3315 1754 3367 nefas
1796 3314 2049 3367 auderet.’
2128 3315 2323 3365 Nescio
2358 3328 2424 3364 an

1373 3408 1545 3444 veram
1570 3395 1843 3444 lectionem
1867 3401 2131 3444 assecutus
2147 3393 2261 3443 sim.
2314 3391 2427 3442 Sal·

1374 3477 1478 3521 tem
1502 3483 1656 3535 spero
1678 3485 1761 3520 me
1784 3471 1995 3534 propius
2026 3484 2057 3518 a
2089 3483 2210 3519 vero
2227 3468 2428 3526 abesse,

1372 3562 1527 3612 quam
1569 3547 1657 3612 qui
1702 3547 1928 3596 Periclen
1975 3545 2170 3608 legunt,
2213 3543 2425 3606 decepti

1369 3629 1614 3686 corrupto
1638 3623 1753 3673 loco
1771 3623 1913 3671 Festi
1937 3635 2003 3670 ex
2021 3621 2257 3685 sequenti
2277 3619 2428 3684 libro,

1369 3708 1428 3752 ut
1460 3715 1553 3751 suo
1590 3701 1707 3749 loco
1739 3698 2002 3759 dicemu03
2033 3698 2125 3746 sed
2161 3705 2215 3747 et
2248 3698 2426 3747 melio-

1368 3791 1476 3827 rem
1517 3776 1793 3825 lectionem
1826 3782 2073 3836 nostram,
2109 3788 2261 3838 qnam
2295 3774 2423 3823 Tur-

1368 3854 1509 3915 nebi,
1532 3852 1617 3918 qni
1648 3851 1890 3901 inusitate
1929 3851 2079 3915 ponit
2113 3852 2210 3914 legi
2235 3866 2425 3916 parem.

1365 3931 1474 3983 Jos.
1496 3929 1635 3980 Seal.

1434 4006 1458 4041 Ι·
1491 4005 1845 4071 Nam'ciosum]
1899 4006 2034 4057 Vide
2101 4008 2118 4036 ‘
2161 4007 2423 4059 Luseitio!

1368 4086 1536 4135 Varro
1558 4091 1612 4133 et
1635 4084 1679 4134 N
1686 4083 1833 4133 onius
1852 4083 2081 4148 Opilium
2100 4086 2264 4136 secuti
2283 4096 2424 4137 aiunt.

1368 4164 1555 4214 Festus
1575 4162 1760 4214 AElium
1784 4161 2048 4214 Stilonem.
2082 4162 2210 4215 Dae.

2195 896 2429 963 Curia·
2516 954 2538 969 ‚
