3020 4853
560 351 654 399 nn
701 332 1109 397 vencnum
1158 335 1773 390 srcmmcnlons
1822 331 1965 382 ειη.
2013 328 2174 379 xlv.

2327 313 2467 379 567.

367 508 550 566 core,
594 485 754 572 quia
780 484 867 550 ab
894 503 976 549 eo
1019 479 1278 549 initium
1324 477 1473 561 ejus
1502 473 1752 557 fraudis
1779 489 1927 537 esse
1956 468 2203 551 coepit:
2249 464 2463 549 siqui<

369 591 519 655 dem
565 595 716 655 ante
761 608 859 653 aes
918 589 1032 651 aut
1072 587 1409 668 argentum
1459 578 1786 661 signatum
1832 574 1921 638 ob
1966 569 2212 636 delicta
2249 584 2458 661 poena

368 692 760 775 gravissima
801 696 946 754 erat
996 686 1277 757 duarum
1323 681 1576 760 ovium,
1618 683 1686 744 et
1726 677 2000 759 triginta
2026 676 2265 740 boum:
2306 688 2457 735 eam

368 796 583 878 legem
606 793 658 834 ¹⁶
702 798 1065 859 sanxerunt
1107 787 1191 853 Τ.
1223 785 1579 850 Menenius
1611 781 1907 847 Lanatus
1949 784 2017 843 et
2044 776 2298 841 Sestius
2328 772 2459 838 Ca-

368 898 689 983 pitolinus
717 895 1083 962 Consules:
1113 910 1265 976 quae
1301 887 1621 974 pecudes,
1643 890 1999 970 postquam
2033 899 2165 946 aere
2196 878 2458 961 signato

370 1002 471 1065 uti
517 1001 723 1084 coepit
774 997 1065 1083 populus
1095 995 1229 1060 Ro.
1257 991 1546 1076 Tarpeia
1585 991 1731 1072 lege
1773 993 2041 1054 cautum
2062 988 2208 1060 -est,
2234 988 2309 1045 ut
2337 978 2460 1043 bos

370 1103 813 1179 centussibuS,
842 1101 990 1166 ovis
1022 1097 1421 1164 decuesibus
1449 1094 1910 1160 aestimaretur.

278 1205 682 1271 Peculium¹¹
711 1222 1053 1289 servorum
1082 1221 1125 1267 a
1152 1219 1392 1285 pecore
1421 1199 1587 1265 item
1615 1196 1865 1262 dictum
1893 1197 2023 1267 est,
2061 1194 2136 1253 ut
2175 1183 2463 1271 pecunia

371 1315 635 1392 patrum
660 1307 958 1373 familiae.

276 1410 629 1476 Peculium
659 1427 990 1474 servorum
1012 1428 1055 1474 a
1078 1425 1320 1492 pecore
1343 1404 1621 1481 dictum,
1654 1402 1830 1467 sicut
1851 1404 1918 1465 et
1938 1415 2138 1482 pecu·
2189 1394 2460 1477 [PAun.

372 1514 483 1599 nia
509 1513 848 1578 nobilium.

281 1615 588 1680 Pecunia
605 1624 656 1664 ¹⁷
675 1623 700 1648 ¹
744 1612 1136 1680 sacrificium
1165 1611 1310 1679 fieri
1339 1611 1708 1685 dicebatur,
1737 1623 1887 1671 cum
1929 1603 2149 1685 fruges
2178 1598 2464 1663 fructus·

374 1738 506 1802 que
536 1716 996 1796 offerebantur,
1027 1715 1187 1803 quia
1222 1735 1310 1780 ex
1354 1714 1458 1779 bis
1498 1713 1698 1778 rebus
1743 1713 2030 1784 constat,
2060 1719 2261 1787 quam
2288 1714 2463 1763 nunc

371 1819 724 1902 pecuniam
752 1819 1052 1885 dicimus.

1193 1999 1279 2021 000
1285 1998 1310 2019 O
1315 1997 1518 2019 OOOO‘OO
1525 1997 1551 2016 0

356 2122 418 2168 ιο
451 2116 546 2168 sd.
567 2104 706 2169 sc'ai.
740 2132 795 2168 ω
816 2118 1062 2180 ιαμ-ιτ
1095 2116 1217 2167 νει.
1241 2114 1337 2166 m».
1359 2114 1601 2165 Pecuniae.

1272 2318 1492 2373 No'rAE

280 2462 451 2511 latum
477 2473 678 2524 gessere
701 2474 837 2511 anno
868 2463 982 2512 8⁰2.
1003 2458 1081 2509 bis
1115 2459 1222 2508 lata
1254 2457 1340 2506 lex
1412 2454 1531 2504 ficio
1554 2450 1788 2518 grande?
1852 2447 2216 2510 Inde'optimae
2251 2442 2470 2507 glossae‘:

282 2538 543 2588 Menenia
580 2553 680 2603 qua
707 2553 829 2589 oves
866 2537 1082 2602 singular
1121 2534 1340 2590 decussi,

280 2615 449 2666 boves
469 2616 698 2665 centussi
731 2615 987 2665 estimati.
1055 2614 1253 2664 Tamen
1276 2627 1341 2662 ex

1413 2539 1431 2561 ³
1455 2530 1746 2592 Peculium,
1801 2527 1968 2584 κτῆσις
2006 2521 2093 2572 τοῦ
2136 2522 2189 2570 ἐν
2239 2516 2473 2580 ἀλλοτρίᾳ

1415 2606 1601 2672 ἐξουσίᾳ
1622 2602 1921 2669 ὄντος,’τοί“η“’
1943 2596 2192 2668 (marciosa
2211 2596 2244 2655 ἢ
2267 2591 2475 2644 debitori!

284 2690 552 2753 Dionysio
590 2697 648 2741 et
694 2691 867 2742 Gellio
916 2690 1040 2741 illud
1091 2689 1248 2740 etiam
1289 2689 1366 2750 in¹
1414 2689 1449 2739 i.
1485 2688 1502 2717 ⁸
1529 2686 1828 2739 Peculium:
1866 2678 2120 2747 possessio
2152 2677 2284 2741 ejus,
2306 2673 2475 2740 quiin

284 2767 411 2831 lege
441 2767 663 2830 Tarpeia
685 2767 893 2817 videtur
931 2781 1232 2831 expressum
1264 2764 1342 2816 fu-

283 2844 414 2906 isse,
434 2850 493 2892 ut
511 2857 579 2893 ne
601 2844 763 2894 multa
785 2843 911 2894 duas
934 2859 1056 2894 oves
1079 2850 1135 2893 et
1157 2843 1343 2906 trigin-

285 2927 351 2971 ta
369 2920 530 2971 boves
552 2920 853 2984 excederet,
875 2928 930 2970 et
962 2935 1077 2971 cum
1101 2934 1164 2971 ea
1183 2919 1345 2969 multa

284 2996 577 3061 diceretur,
612 2998 703 3047 bos
737 2999 983 3061 centussi,
1015 2998 1126 3048 ovis
1161 2996 1345 3047 decus-

290 3075 339 3125 si
373 3075 742 3137 oestimaretur,
779 3089 931 3140 quam
968 3075 1132 3139 legem
1167 3079 1350 3138 postea

289 3160 578 3202 sanxerunt
597 3150 799 3201 Sestius
823 3158 879 3200 et
901 3151 1194 3201 Menenius.
1260 3149 1348 3200 Ita

286 3242 412 3279 cum
446 3227 742 3277 Hotomano
774 3227 916 3278 Festi
956 3226 1113 3277 verba
1153 3227 1229 3277 sic
1270 3227 1347 3276 in-

286 3305 574 3355 vertenda:
612 3306 762 3355 Poena
787 3305 1069 3367 graffium
1100 3310 1205 3355 erat
1230 3305 1347 3354 daa-

285 3397 400 3432 nurs
418 3381 593 3442 odam,
608 3387 656 3431 ct
690 3381 899 3443 triginta
918 3381 1068 3437 boum,
1090 3396 1194 3444 φη
1210 3395 1348 3443 ρει-ιι·

288 3461 395 3523 des,
406 3464 652 3523 postquam
671 3473 767 3509 «ενι
786 3459 978 3521 signam
1006 3458 1082 3508 uti
1100 3459 1238 3523 coepit
1270 3473 1350 3522 po·

283 3538 434 3602 palus
458 3536 521 3585 R.
542 3536 740 3599 Tarpeia
756 3538 859 3599 lege
877 3542 1064 3585 cautum
1085 3541 1175 3601 est,
1195 3543 1250 3586 ut
1272 3536 1352 3584 bos

286 3616 598 3677 cerambus,
618 3616 719 3665 ocis
748 3615 1015 3666 decursibus
1042 3615 1352 3666 ‹erimar-etur.

292 3695 423 3744 Eam
440 3695 590 3755 legem
617 3698 879 3743 sanxerunt
907 3692 963 3743 T.
985 3692 1235 3742 Menenius
1257 3693 1353 3742 La-

290 3775 436 3821 natus
470 3774 519 3820 et
555 3769 746 3820 Sestias
778 3770 1075 3833 Capitolinus
1108 3770 1352 3820 Consules.

293 3847 466 3899 Idem.

359 3933 383 3958 ¹³
419 3924 691 3988 Peculium]
722 3926 839 3975 Nou
854 3939 1119 3976 servorum
1137 3930 1358 3988 tantum,

293 4002 391 4054 sed
431 4003 589 4053 etiam
629 4000 847 4052 filiorum
887 4000 1011 4051 fam.
1078 4002 1253 4052 Plaut.
1302 4001 1356 4051 in

292 4080 440 4130 Prol.
461 4079 687 4128 Mercat.
720 4076 737 4105 ‘
759 4078 981 4129 Lucrum
999 4078 1181 4143 ingens
1200 4077 1357 4141 facio,

295 4162 648 4220 praeterquam
681 4154 798 4205 milii
842 4170 986 4206 meus
1022 4163 1172 4221 pater
1199 4158 1359 4208 Dedit

293 4234 579 4284 aestimatas
604 4246 820 4290 merces,
843 4232 919 4286 ita
939 4234 1195 4297 peculium
1224 4234 1359 4285 Con·

1416 2765 1584 2815 aliena
1604 2770 1686 2814 est
1719 2765 2000 2826 potestate,
2031 2755 2125 2807 filii
2156 2752 2368 2804 familia
2394 2750 2476 2800 vel
2512 2785 2525 2799 .

1417 2842 1589 2894 servi.'
1625 2842 1774 2891 Idem·

1480 2928 1507 2953 ⁸
1549 2916 1786 2980 Pecunia]
1821 2911 2054 2967 Pecunia
2086 2901 2478 2959 sacrificiunrfi·

1419 2997 1500 3050 eri
1519 2995 1806 3057 dicebatur,
1823 3008 1939 3044 cum
1959 2989 2181 3054 frugum,
2195 2984 2480 3035 fructuum·

1419 3089 1520 3141 que
1559 3088 1715 3125 causa
1746 3072 1882 3122 mola
1916 3083 2045 3134 pura
2078 3062 2397 3117 offerebatur
2423 3060 2477 3110 in

1419 3151 1692 3213 sacrificio,
1726 3148 1845 3215 quia
1877 3146 2041 3198 omnis
2076 3157 2160 3194 res
2192 3138 2480 3199 familiaris,

1419 3244 1570 3295 quam
1591 3226 1860 3293 pecuniam
1880 3224 2115 3284 dicimus,
2132 3234 2199 3270 ex
2221 3219 2301 3268 bis
2324 3216 2479 3266 rebus

1422 3312 1703 3356 constaret.
1772 3301 1995 3366 Reliqua
2028 3300 2125 3348 buc
2170 3310 2274 3345 non
2319 3291 2481 3357 perti·

1423 3389 1568 3440 nent,
1590 3380 1681 3431 sed
1704 3378 1770 3429 de
1792 3377 1895 3428 alia
1920 3391 1979 3427 re
1999 3374 2153 3439 longe
2177 3372 2384 3422 diversa
2404 3367 2481 3416 in·

1427 3457 1711 3523 telligenda
1751 3464 1889 3519 suut,
1928 3465 2115 3516 nempe
2153 3448 2329 3499 nescio
2362 3460 2479 3509 quoe

1427 3538 1490 3588 ad
1526 3533 1838 3601 depellenda
1859 3531 1995 3581 mala
2014 3528 2311 3590 fulgurante
2332 3522 2484 3580 coelo,

1427 3621 1484 3666 et
1530 3613 1778 3663 bonorum
1823 3622 1978 3658 causa
2020 3608 2218 3668 parata.
2279 3597 2328 3647 Α
2369 3611 2489 3660 pecu

1428 3689 1741 3755 adjectivum
1766 3685 2006 3750 pectines,
2043 3687 2099 3728 et
2131 3674 2369 3741 pecunius.
2437 3672 2481 3720 Α

1429 3781 1551 3833 quo,
1574 3779 1691 3816 cnm
1713 3762 1931 3812 dicimus
1952 3754 2212 3822 pecuum,
2235 3747 2486 3802 subintel-

1427 3842 1691 3910 ligendum
1743 3854 1862 3889 rem.
1939 3832 2172 3885 Pecunia
2224 3844 2306 3879 res
2362 3840 2488 3891 ergo

1432 3937 1529 3987 pro
1552 3914 1943 3985 patrisfamilias
1977 3911 2141 3972 bonis,
2161 3908 2282 3974 quia
2305 3904 2493 3970 praeci-

1432 4015 1538 4065 pua
1559 4000 1612 4049 in
1635 3996 1765 4047 foetn
1788 3990 1988 4058 pecoris
2018 3987 2380 4040 consisterent,
2404 3994 2491 4030 ac-

1433 4082 1591 4141 cepta
1626 4072 1741 4125 fuit.
1795 4066 2151 4120 Glossarium:
2201 4064 2214 4091 ‘
2239 4057 2496 4113 Pecunia.

1433 4152 1675 4218 χρήματα,
1691 4148 1786 4200 ἀπὸ
1802 4146 1941 4208 τιμῆς
1962 4140 2179 4201 κτηνῶν]
2209 4140 2315 4188 Jos.
2338 4136 2463 4186 scat.
2492 4157 2498 4176 ν
