3020 4853
509 318 638 388 188

1171 306 1395 377 sexrr
1454 324 1754 375 POMPEH
1811 320 2015 371 rns‘ri

512 483 822 566 Coquum
845 477 866 515 f
900 482 968 542 et
991 477 1302 561 pistorem
1335 471 1513 557 apud
1539 468 1853 551 ‘antiquos
1879 465 2149 529 eundem
2180 462 2393 525 fuisse
2428 454 2691 542 accepi—

514 632 533 643 ..
595 603 767 647 mus.
829 580 1136 655 Naevius,
1164 576 1465 660 Coquus‚
1488 572 1723 655 inquit,
1751 568 1887 633 edit
1911 568 2321 649 Neptunum,
2347 563 2691 640 Venerem,

602 685 946 750 Cererem:
990 679 1315 764 significat
1355 699 1471 762 per
1507 675 1808 739 Cererem
1852 690 2109 755 panem,
2153 686 2270 754 per
2308 667 2692 752 Neptunum

596 789 845 871 pisces,
878 803 1001 869 per
1027 783 1349 847 Venerem
1378 781 1582 844 olera.

515 891 854 957 Corbitaess
894 887 1206 951 dicuntur
1249 901 1457 946 naves
1501 879 1866 945 onerariae:
1911 876 2093 962 quod
2137 875 2200 939 in
2246 876 2428 940 malo
2471 892 2690 938 earum

601 1010 859 1057 summo
889 1009 1012 1073 pro
1044 989 1235 1070 signo
1265 987 1500 1051 corbes
1523 983 1807 1048 solerent
1835 979 2178 1064 suspendi.

519 1094 869 1160 Corculum
893 1091 919 1128 ¹¹
964 1112 1006 1156 a
1042 1091 1243 1156 corde
1290 1088 1603 1154 dicebant
1632 1084 1887 1168 antiqui
1919 1084 2253 1159 solertem,
2284 1087 2350 1145 et
2381 1083 2697 1144 acutum

603 1196 889 1261 Plautus
925 1196 991 1259 in
1016 1194 1306 1259 Casina:
1354 1191 1494 1274 Ego
1520 1209 1665 1253 sum
1700 1189 1885 1266 liber,
1904 1207 2118 1252 meum
2147 1185 2515 1262 corculum,
2538 1182 2695 1246 mel-

605 1300 899 1376 liculum‚
927 1297 1285 1362 verculum.

1431 1458 1638 1478 “““““

583 1556 611 1597 5
648 1547 749 1597 Alii
775 1553 975 1596 cautum.

1641 1456 1786 1477 00000

1501 1655 1715 1707 NOTAE

586 1754 604 1789 s
638 1753 867 1820 coquum]
902 1754 1160 1805 Pistorem
1192 1753 1328 1818 apud
1352 1754 1574 1804 Veteres

521 1848 625 1884 non
647 1831 801 1882 fuisse
827 1839 1045 1882 testatur
1064 1833 1229 1881 Varro
1254 1832 1303 1880 in
1325 1833 1461 1896 ταφῇ
1480 1837 1572 1879 Me·

522 1911 720 1959 νίπουε
770 1913 786 1939 ‘
820 1910 931 1960 Nec
973 1910 1217 1974 pistorem
1258 1909 1413 1958 ullum
1457 1924 1574 1959 nos·

521 1995 653 2043 sent,
673 1986 766 2035 nisi
789 2000 901 2034 eum
923 1987 1009 2050 qui
1034 1987 1085 2034 in
1109 1986 1324 2050 pistrino
1350 1985 1578 2049 pinseret

522 2062 740 2112 farinam
759 2063 794 2111 :'
833 2070 886 2110 et
928 2062 1015 2111 lib.
1049 2076 1088 2112 1.
1134 2062 1200 2112 de
1244 2064 1352 2112 vita
1397 2062 1575 2127 populi

523 2141 672 2190 Rom.
701 2142 715 2167 ‘
742 2140 857 2190 Nec
881 2140 1086 2203 pistoris
1110 2154 1293 2189 nomen
1320 2146 1451 2200 erat,
1476 2140 1575 2190 nisi

524 2217 632 2280 ejus
656 2217 745 2281 qui
765 2215 846 2271 far
869 2216 1145 2280 pinsebat.'
1203 2216 1340 2265 Plin.
1364 2217 1395 2264 l.
1414 2229 1576 2266 xvtn.

524 2309 570 2344 c.
595 2299 672 2344 12.
706 2298 722 2323 ‘
751 2295 979 2344 Pistores
1017 2294 1192 2342 Romae
1228 2306 1326 2341 non
1364 2291 1577 2343 fuerunt

524 2370 588 2419 ad
616 2371 881 2420 Persicum
909 2384 1067 2436 usqne
1094 2369 1304 2434 bellum,
1338 2369 1480 2418 annis
1515 2368 1578 2419 ab

525 2449 653 2498 urbe
679 2449 888 2499 condita
911 2462 1068 2510 super
1093 2457 1325 2498 mnxxx.
1360 2447 1455 2510 ipsi
1490 2462 1579 2510 pa·

524 2539 639 2573 nem
663 2524 917 2574 faciebant
936 2525 1185 2585 Quirites,
1207 2525 1579 2589 mulierumque

526 2601 577 2650 id
602 2617 730 2666 opus
749 2610 881 2662 erat,
900 2602 1031 2651 sicut
1054 2602 1209 2650 etiam
1234 2616 1369 2651 nnnc
1394 2601 1443 2650 in
1468 2603 1580 2666 pln-

526 2679 667 2727 rimis
693 2678 943 2742 gentium.
992 2677 1266 2742 Artoptam
1289 2678 1504 2729 Plautus
1529 2680 1579 2728 in

524 2754 717 2818 fabula,
775 2771 924 2819 quam
980 2753 1298 2804 Aululariam
1354 2757 1580 2821 scripsit,

524 2827 711 2896 niagua
746 2833 812 2883 ob
846 2831 896 2882 id
933 2833 1320 2882 concertatione
1351 2832 1579 2883 erudito·

524 2921 636 2958 rum
661 2923 724 2958 an
749 2911 789 2958 is
813 2924 988 2958 versus
1012 2906 1182 2974 poetae
1206 2910 1275 2958 sit
1298 2909 1450 2974 illius,
1468 2925 1577 2958 cer-

526 2994 735 3049 tumque
756 2986 824 3035 sit
847 2986 1003 3036 Atteii
1021 2986 1288 3050 Capitonis
1305 2987 1583 3052 sententia,

526 3059 719 3111 tostum
740 3077 923 3126 panem
948 3064 1250 3113 lautioribus
1272 3079 1490 3129 coquere
1507 3080 1582 3112 so·

527 3137 665 3194 litos,
692 3139 1016 3201 pistoresque
1042 3143 1369 3204 tautameos,
1394 3141 1478 3206 qui
1503 3140 1583 3190 far

526 3214 821 3279 pinsebant,
852 3218 1168 3268 nominatos?
1233 3217 1319 3267 Sic
1351 3226 1406 3268 et
1446 3215 1582 3283 apud

525 3291 769 3341 Plautum
793 3309 986 3357 coquum
1006 3294 1216 3352 centies,
1249 3296 1473 3360 pistorem
1497 3311 1583 3348 ve-

526 3369 585 3416 ro
609 3381 674 3415 ne
694 3370 851 3417 semel
877 3369 1101 3434 quidem,
1135 3371 1230 3420 nisi
1250 3372 1363 3434 'pro
1395 3388 1457 3424 eo
1493 3373 1581 3439 qui

525 3441 607 3493 far
640 3445 827 3508 pinsit:
864 3461 978 3495 nam
1007 3449 1187 3512 pistum
1218 3448 1418 3514 antiqui
1443 3448 1581 3499 dice·

527 3522 652 3571 hant
695 3536 788 3585 pro
824 3525 1052 3574 melitani.
1138 3526 1274 3576 Vide
1313 3527 1586 3590 ‘pistnrm’

527 3598 695 3648 Locus
724 3600 913 3662 Naevii,
962 3605 976 3629 ⁸
999 3600 1205 3665 Coquus
1243 3602 1354 3652 edit
1380 3605 1580 3668 Neptu-

527 3689 669 3739 num,
714 3677 997 3739 Venerem,
1049 3677 1332 3740 Cererem:
1395 3695 1460 3729 ex
1521 3681 1582 3730 iia

526 3752 771 3815 operibus
795 3753 1095 3818 desumptus
1117 3751 1217 3803 suit
1243 3770 1458 3821 quorum
1492 3771 1581 3806 no·

527 3830 666 3877 mina
697 3830 847 3877 hodie
879 3844 977 3879 non
1012 3838 1210 3880 extant.
1279 3831 1384 3881 Cur
1407 3839 1581 3898 autem

528 3919 620 3968 per
639 3906 896 3955 Venerem
913 3907 1054 3955 olera
1077 3906 1336 3971 intelligat
1355 3908 1584 3976 Νωνίου,

527 3982 628 4031 hoc
659 3981 778 4031 inde
812 3990 911 4040 est,
949 3984 1081 4048 quod
1113 3986 1251 4035 horti
1288 3988 1338 4036 in
1361 3987 1581 4037 Veneris

530 4066 683 4108 eraut
728 4059 907 4111 tutela.
986 4061 1148 4111 Varro
1187 4064 1277 4114 lib.
1317 4079 1353 4116 r.
1400 4065 1465 4114 de
1504 4068 1583 4116 Re

533 4135 678 4184 Rust.
713 4134 729 4161 ‘
752 4135 1056 4187 Adveneror
1091 4139 1376 4190 Minervam
1400 4151 1455 4190 et
1478 4144 1582 4191 Ve-

529 4225 723 4278 nerem,
752 4226 965 4279 quarum
1000 4214 1141 4265 unius
1173 4218 1467 4280 procuratio
1490 4219 1582 4268 oli-

1655 1745 1776 1811 veti,
1815 1753 2023 1804 alterius
2046 1751 2329 1812 hortorum,
2368 1765 2467 1815 quo
2501 1748 2704 1799 nomine

1654 1834 1848 1882 rustica
1882 1832 2068 1880 vinalia
2093 1825 2367 1880 instituta!
2433 1826 2578 1876 Idem
2610 1825 2705 1874 lib.

1656 1924 1710 1960 ν.
1745 1909 1810 1958 de
1835 1910 1894 1959 L.
1916 1910 1974 1958 L.
2001 1907 2115 1956 vide
2139 1905 2272 1955 infra
2296 1913 2413 1969 post
2450 1906 2465 1932 ‘
2491 1900 2704 1964 Roscii,’

1654 1989 1780 2039 etin
1809 1990 1825 2017 ‘
1853 1988 2047 2037 rustica
2070 1983 2292 2034 vinalia!
2327 1983 2477 2032 Idem.

1717 2074 1743 2109 ε
1780 2062 2013 2127 Cor-buce]
2060 2062 2237 2112 Genus
2277 2059 2467 2121 navigii
2505 2056 2706 2105 tardum

1655 2147 1710 2191 et
1732 2155 1905 2205 grave.
1972 2139 2148 2189 Plaut.
2169 2138 2371 2186 Poenul.
2387 2150 2472 2185 ιιι.
2497 2140 2540 2185 l.
2563 2136 2577 2161 ‘
2596 2134 2708 2184 Ho-

1655 2218 1818 2267 mines
1891 2214 2367 2280 spiseigradissimos
2435 2210 2706 2260 Tardiores

1659 2310 1809 2360 quam
1834 2293 2047 2343 corbitae
2071 2300 2189 2341 nunt
2223 2292 2273 2339 iu
2305 2289 2583 2352 tranquillo
2607 2301 2709 2336 ma-

1662 2371 1740 2422 ri.'
1803 2370 1890 2421 Sic
1935 2380 2105 2421 antem
2130 2354 2285 2419 dict⁸ae
2328 2368 2538 2428 corbitoe,
2574 2368 2709 2430 quod

1657 2451 1814 2500 corbes
1837 2450 1888 2499 iu
1913 2451 2048 2499 malo
2069 2446 2320 2512 παράσημα
2341 2447 2714 2509 suspenderen-

1661 2523 1744 2576 ¹tur
1783 2538 1962 2576 contra
1999 2526 2204 2576 solitum
2246 2539 2471 2574 moreni:
2507 2534 2713 2584 semper

1660 2603 1794 2653 enim
1819 2601 2075 2665 παράσημα
2096 2603 2146 2652 in
2182 2616 2351 2666 prora,
2387 2609 2441 2649 et
2478 2599 2598 2648 inde
2631 2611 2716 2646 no·

1659 2695 1795 2731 men.
1830 2675 1980 2731 Idem.

1669 2745 1674 2750 ⁴
1724 2754 1748 2789 ¹¹
1786 2755 2058 2820 Corculum]
2114 2754 2291 2805 Plauti
2314 2754 2607 2817 exemplum
2630 2750 2713 2801 hic

1661 2823 1786 2882 nihil
1822 2832 1884 2882 ad
1925 2848 2070 2893 rem;
2106 2832 2197 2881 sed
2238 2832 2429 2896 potius,
2471 2830 2605 2894 qnod
2643 2829 2716 2878 ait

1662 2910 1847 2960 Cicero
1871 2908 1936 2958 de
1958 2911 2200 2973 Scipione
2236 2909 2443 2968 Nasica,
2466 2923 2582 2957 eum
2609 2907 2716 2954 vul·

1663 3001 1726 3052 go
1755 2987 2008 3035 Corculum
2031 2986 2241 3035 dictum.
2274 2985 2522 3034 suescant.

1731 3062 2008 3125 Corculum]
2043 3061 2144 3111 Hic
2169 3062 2343 3111 Plauti
2377 3063 2536 3117 locus,
2565 3074 2715 3126 quem

1659 3131 1837 3188 laudat
1854 3139 2060 3199 FestuS,
2080 3139 2203 3186 nihil
2229 3138 2293 3185 ad
2318 3152 2442 3195 rem,
2466 3152 2579 3186 narn
2614 3150 2715 3200 quo
2762 3160 2766 3163 >

1662 3232 1809 3266 sensu
1835 3217 1967 3266 dixit
1999 3215 2235 3277 Plautus,
2273 3229 2374 3263 non
2411 3230 2503 3278 pro
2540 3211 2719 3262 solerti

1664 3301 1718 3344 et
1754 3303 1923 3351 acuto,
1958 3294 2045 3342 sed
2093 3293 2453 3356 ὑποκοριστικῶς
2499 3291 2716 3357 positum

1663 3379 1779 3433 eet3
1816 3380 1873 3421 ut
1896 3379 1950 3421 et
1978 3371 2176 3435 reliqua
2199 3370 2356 3420 verba
2393 3371 2454 3418 ad
2497 3369 2718 3418 eundem

1663 3449 1868 3500 modum
1911 3447 2100 3497 efficta.
2182 3448 2281 3497 Sed
2319 3445 2569 3507 corculum,
2618 3459 2720 3509 quo

1662 3540 1813 3575 sensu
1849 3526 2089 3574 solertem
2125 3534 2179 3575 et
2214 3536 2423 3575 acutum
2445 3522 2718 3586 signifieat,

1663 3604 1832 3652 dictus
1864 3604 2043 3667 Scipio
2071 3603 2276 3653 Nasica.
2345 3603 2528 3650 Cicero
2549 3600 2604 3648 in
2625 3598 2716 3650 lib.

1663 3669 1727 3728 de
1747 3679 1898 3728 claris
1915 3678 2124 3728 Orator.
2143 3679 2159 3704 ⁴
2175 3679 2242 3728 P.
2256 3679 2406 3727 etiam
2425 3677 2719 3741 Scipionem

1664 3756 1930 3814 Nasicam,
1955 3756 2041 3821 qui
2081 3762 2160 3804 est
2194 3756 2466 3806 Corculum
2492 3754 2719 3820 appella·

1664 3838 1765 3896 tus,
1811 3835 1896 3898 qui
1940 3834 2063 3882 item
2108 3833 2186 3882 bis
2225 3834 2402 3883 consul
2448 3839 2502 3882 et
2536 3847 2720 3882 censor

1662 3908 1782 3977 fuit,
1837 3911 2065 3961 habitum
2124 3909 2488 3975 eloquentem.²
2585 3908 2718 3958 ltem

1662 3990 1815 4052 paulo
1841 3986 2084 4038 inferius:
2112 3987 2128 4014 ‘
2148 3986 2266 4038 Jam
2291 3986 2505 4036 duorum
2531 3985 2718 4035 abavo-

1664 4080 1775 4115 rum
1802 4079 1949 4129 quain
1976 4073 2054 4114 eet
2079 4063 2280 4113 illustre
2305 4078 2508 4123 nomen,
2535 4061 2720 4110 P-Sci·

1666 4141 1851 4205 pionis,
1891 4142 1978 4205 qui
2017 4141 2097 4190 bis
2135 4142 2315 4190 consul
2352 4139 2472 4204 fuit,
2508 4139 2600 4203 qui
2641 4147 2718 4188 est

1666 4220 1942 4271 Corculum
1966 4217 2176 4269 dictus.’
2206 4218 2332 4270 Duc.
2617 4213 2620 4218 '
