3020 4853
579 363 709 429 598

1242 378 1467 428 SRXTI
1521 379 1822 429 pomum
1875 380 2087 430 Fsss'rt

581 523 903 608 Ρίρειίίο,ι
931 522 1184 588 clamor
1215 526 1541 609 plorantis
1569 526 1794 610 lingua
1824 526 2181 592 Oscorum.

581 626 805 711 Pirpit
824 633 851 661 ¹¹
883 623 1065 691 Osce
1095 627 1440 712 quicquid.

2501 629 2768 712 [Pam.

583 728 932 793 Pisatilem
964 727 1245 794 Naevius
1277 730 1451 795 dixit
1479 752 1519 796 e
1553 731 1734 796 Pisis
1765 731 2138 798 oriundum.

582 830 932 895 Pisatilem
951 840 976 866 ¹
1006 833 1308 915 appellat
1340 834 1409 899 N
1412 834 1627 900 aevius
1653 833 2161 901 Pantaleontem
2194 855 2233 899 c
2266 833 2462 899 Pisis
2527 837 2776 914 [Fsssr.

666 932 1016 997 oriundum
1069 941 1460 1017 tyrannum:
1540 951 1691 1002 cum
1737 937 1996 1022 alioqui
2052 938 2205 1003 inde
2255 937 2558 1021 profecti
2607 959 2775 1004 nunc

669 1032 904 1101 Pisani
932 1035 1255 1102 dicantur.

1564 1221 1783 1274 NOTAE

582 1347 665 1395 νῦν
690 1345 853 1408 ἔχουσι
882 1347 945 1398 τὰ
979 1348 1130 1412 χωρία
1161 1350 1328 1400 ταῦτα.
1363 1352 1555 1415 Εἴρηται
1586 1351 1630 1401 δ’

581 1423 655 1473 ὅτι
681 1424 772 1482 τὴν
790 1423 1010 1474 Βοιωτίαν
1027 1430 1206 1487 ταύτην
1240 1425 1487 1490 &qimaiu
1513 1448 1633 1479 ποτε

580 1504 781 1567 Θρᾷκες,
812 1503 1087 1567 βιασόμενοι
1119 1506 1230 1557 τοὺς
1267 1506 1510 1570 Βοιωτοὺς,
1554 1507 1636 1558 καὶ

581 1578 846 1644 Πέλωγοι,
881 1579 958 1630 καὶ
994 1581 1136 1631 ἄλλοι
1163 1581 1409 1646 βάρβαροι.
1444 1584 1496 1633 id
1532 1592 1632 1646 est,

579 1657 596 1684 ‘
616 1656 696 1705 Ibi
733 1665 869 1719 sunt,
896 1658 1237 1722 i11Helicoue,
1261 1659 1434 1710 fanum
1458 1662 1634 1711 Musa·

580 1747 712 1795 rum,
729 1742 785 1784 et
808 1733 1161 1799 Hippocrene,
1183 1745 1239 1786 et
1260 1745 1462 1787 autrum
1489 1737 1636 1788 Libe·

582 1810 804 1860 thridum
826 1810 1200 1876 Nympharum,
1217 1813 1354 1864 unde
1375 1813 1635 1878 conjicere

580 1887 694 1950 quis
735 1887 896 1949 possit
916 1888 1139 1937 Thracas
1163 1888 1344 1952 finisse,
1366 1891 1453 1954 qui
1491 1891 1637 1940 Heli·

580 1975 762 2010 eonem
807 1962 971 2011 Musis
1014 1974 1402 2032 consecrarunt,
1443 1967 1533 2031 qui
1581 1977 1637 2017 et

581 2035 813 2085 Pieriam
841 2053 1063 2102 quoque,
1086 2040 1399 2104 Libethrum,
1422 2052 1477 2093 et
1495 2043 1636 2092 Pim-

580 2111 750 2175 pleam
771 2113 834 2162 iis
852 2113 1240 2167 dedicaverunt.
1304 2119 1637 2169 vocabantur

582 2196 753 2236 autem
791 2188 992 2252 Pieres,
1023 2192 1110 2256 qui
1141 2207 1258 2242 cum
1300 2193 1635 2258 defecissent,

577 2263 896 2315 Macedones
920 2267 1036 2317 loca
1056 2268 1145 2318 illa
1167 2270 1524 2323 obtinuerunt.
1570 2271 1633 2320 Id

580 2355 785 2408 quoqne
820 2343 1064 2395 traditum
1103 2353 1203 2409 est,
1223 2347 1453 2397 Thracas
1475 2361 1636 2413 quon-

578 2417 717 2478 dam,
753 2424 810 2469 et
839 2418 1088 2485 Pelasgos
1117 2421 1346 2488 aliosque
1369 2423 1639 2486 barbaros,

581 2495 630 2544 vi
665 2496 859 2546 Boeotis
882 2496 1025 2547 facta
1047 2500 1298 2549 Boeotiam
1325 2501 1471 2551 istam
1494 2501 1635 2552 inha-

580 2570 809 2624 bitasse.'
871 2574 975 2624 Sed
999 2576 1144 2625 dicet
1173 2575 1357 2642 aliquis
1381 2577 1636 2643 quomodo

580 2664 646 2697 ex
683 2664 764 2712 eo,
807 2651 943 2715 quod
984 2652 1035 2701 iu
1058 2652 1310 2704 Helicone
1332 2654 1435 2704 siut
1457 2652 1636 2703 fanum

579 2726 844 2776 Musarum
901 2735 958 2778 et
1012 2728 1334 2791 Libethrum,
1377 2729 1638 2793 conjicere

578 2803 693 2869 quis
715 2804 879 2868 possit
896 2804 1119 2855 Thracas
1144 2805 1446 2857 Heliconem
1470 2807 1637 2856 Musis

578 2882 942 2931 consecrasse?
993 2882 1305 2946 Respondeo
1327 2883 1465 2932 solos
1477 2882 1638 2932 Thra·

578 2969 665 3005 css
709 2957 935 3006 Musicas
974 2965 1113 3008 artes
1148 2960 1267 3008 olim
1314 2958 1638 3022 tractavisse,

577 3034 744 3098 iisque
776 3035 1093 3100 inclaruisse,
1129 3045 1187 3088 ut
1210 3038 1495 3102 Orpheum,
1516 3039 1634 3088 Mu·

579 3122 744 3168 scum,
764 3110 1063 3175 Thamyrin,
1086 3127 1279 3178 eosque
1297 3115 1487 3178 primos
1515 3117 1634 3164 Mu·

578 3199 661 3234 sas
684 3186 924 3249 coluisse,
941 3186 1195 3254 adeoque,
1223 3204 1340 3240 cum
1367 3205 1433 3240 ex
1472 3190 1633 3242 histo-

576 3262 668 3311 riis
705 3270 905 3313 certum
950 3271 1091 3314 esset
1131 3266 1355 3316 Thracas
1387 3268 1502 3318 loca
1544 3269 1635 3319 illa

492 3368 499 3375 -
576 3338 845 3401 insedisse,
867 3354 1032 3405 prona
1054 3348 1169 3392 erat
1189 3342 1507 3407 conjecturs,
1543 3359 1633 3396 eos

577 3416 756 3481 etism,
794 3431 896 3466 non
932 3418 1079 3481 alios,
1110 3419 1419 3469 Heliconem
1459 3435 1636 3471 conse-

532 3492 539 3497 ’
576 3507 768 3545 crasse.
833 3494 940 3544 Sed
963 3501 1020 3545 et
1054 3510 1119 3545 ex
1159 3496 1265 3545 sola
1295 3495 1522 3546 locorum
1544 3513 1634 3561 sp-

575 3571 853 3634 pellatioue
873 3571 947 3622 ita
965 3571 1298 3621 ratiocinatus
1314 3580 1395 3622 est
1418 3573 1637 3636 Strab03

576 3662 693 3697 nam
737 3663 852 3698 cnm
896 3650 948 3699 in
988 3649 1243 3698 Helicone
1297 3655 1437 3698 esset
1479 3648 1632 3698 Libe-

575 3728 765 3783 thrnm.
809 3742 876 3777 ex
912 3741 976 3778 eo
1008 3726 1220 3790 collegit
1255 3726 1478 3794 'I'hracas
1500 3725 1632 3775 illud

578 3816 929 3854 consecrasse.
999 3805 1044 3854 N
1056 3817 1136 3853 am
1154 3802 1471 3865 Libethrum,
1491 3802 1631 3852 Pim-

1710 1349 1823 1415 des,
1844 1350 2125 1414 Pipleides,
2158 1350 2506 1416 Pimplisdes,
2535 1353 2783 1414 Thespis·

1709 1427 1820 1490 des,
1867 1427 2265 1478 Heliconiades!
2332 1427 2480 1478 Hinc
2524 1439 2589 1478 et
2638 1431 2782 1478 arasa

1709 1504 1942 1566 Pimplea,
1965 1502 2102 1566 apud
2127 1501 2315 1553 Horat.
2341 1504 2462 1568 Od.¹
2490 1508 2582 1552 26.
2615 1505 2708 1552 lib.
2747 1519 2783 1552 ι.

1703 1580 1720 1608 ⁸
1740 1580 1976 1642 Pimplea
1997 1578 2198 1629 dulcis!
2230 1580 2381 1630 Idm.

1775 1660 1790 1689 ⁸
1835 1655 2058 1719 Piputio]
2111 1657 2301 1720 Pipare
2348 1655 2486 1705 Osci
2533 1656 2784 1706 dicebant

1710 1732 2016 1797 ejulabunde
2060 1733 2325 1798 conqueri,
2368 1747 2508 1783 voce
2552 1749 2589 1782 a
2637 1742 2782 1783 cantu

1711 1807 1980 1857 Gallorum
2018 1806 2213 1870 efficta,
2234 1809 2499 1872 quomodo
2522 1817 2591 1858 et
2615 1810 2785 1859 Greci

1710 1881 2021 1946 τερυεωκύω.
2078 1883 2343 1948 Aristoplr.
2411 1884 2558 1935 Inde
2601 1887 2620 1912 ‘
2644 1889 2785 1950 pipu-

1711 1959 1826 2024 lns,'
1848 1969 1903 2010 et
1934 1963 1950 1990 ‘
1969 1960 2232 2025 pipulum’
2268 1963 2530 2026 ploratus.
2576 1964 2728 2012 Ides·-

1775 2045 1798 2069 “
1832 2037 2018 2101 Pir-pie]
2052 2038 2179 2088 Osci
2220 2053 2317 2103 pro
2354 2039 2492 2101 quid,
2536 2041 2785 2090 dicebant

1706 2111 1789 2174 pir
1809 2112 1917 2162 sive
1935 2115 2029 2176 pit,
2049 2113 2183 2163 unde
2204 2114 2373 2178 pirpie,
2396 2115 2657 2180 quieqndd.
2703 2117 2783 2165 Sic

1710 2188 1862 2237 iidem
1894 2191 1910 2218 ⁸
1936 2187 2098 2253 piam'
2132 2189 2380 2240 dicebaut
2407 2206 2512 2254 pro
2553 2200 2574 2221 ·
2599 2193 2784 2258 quaml

1709 2264 1847 2313 unde
1876 2264 2202 2328 ‘quispiam,'
2243 2267 2258 2293 ‘
2280 2267 2566 2330 nuspiam?
2655 2267 2786 2316 Vide

1710 2348 1726 2372 ⁶
1749 2343 2035 2407 quispiam.’
2072 2344 2223 2394 Idem.

1774 2424 1799 2451 ¹
1833 2420 2109 2485 Pisatilen]
2141 2421 2374 2473 Pisuffles
2407 2432 2538 2473 sunt
2572 2425 2624 2473 αἱ
2644 2426 2782 2475 Πισί-

1708 2514 1802 2546 τω.
1870 2497 2126 2547 Memoria
2163 2500 2337 2561 lapsus
2367 2514 2490 2549 sum
2526 2503 2682 2563 olim,
2700 2502 2784 2566 qui

1710 2571 1989 2623 destitutus
2028 2574 2208 2624 codice
2245 2574 2388 2625 Festi
2415 2579 2678 2626 annotari
2704 2580 2786 2627 Pi-

1708 2663 1843 2699 «που
1877 2650 1995 2698 olim
2029 2664 2062 2698 a
2099 2651 2283 2700 Naevio
2325 2651 2568 2701 Pisatiles
2603 2653 2786 2711 dictes,

1710 2726 1847 2777 unde
1868 2726 2024 2777 etiam
2045 2726 2198 2777 hodie
2233 2726 2450 2778 fluvium
2494 2730 2784 2779 Pisanus-

1711 2802 1831 2853 dici.
1901 2803 2013 2869 Ego
2057 2805 2209 2868 plane
2249 2804 2614 2855 hallucinatus
2657 2821 2783 2866 san,

1710 2893 1826 2930 cum
1859 2879 1973 2931 haec
1992 2879 2290 2928 memoriter
2312 2880 2626 2932 scribebam
2650 2899 2667 2932 z
2701 2897 2786 2945 pc·

1711 2962 1868 3020 toque
1910 2970 1943 3005 a
1979 2956 2209 3007 candidis
2249 2958 2598 3020 Lectoribns,
2641 2968 2701 3009 ut
2735 2967 2786 3008 et

1712 3035 1827 3092 hoc,
1849 3043 1904 3084 et
1927 3035 1971 3084 si
1993 3050 2110 3102 que
2134 3034 2319 3085 similia
2335 3035 2484 3086 dicta
2504 3045 2786 3103 sungqoe

1713 3112 1838 3161 mihi
1881 3127 1996 3163 cum
2040 3112 2274 3162 omnibns
2311 3116 2623 3163 communia
2653 3125 2788 3175 sust,

1714 3189 1800 3254 qui
1830 3190 2170 3238 meminerunt
2206 3196 2262 3239 et
2296 3202 2354 3237 se
2390 3189 2660 3251 homines,
2681 3200 2736 3240 et
2759 3205 2788 3238 a

1714 3280 1770 3316 se
1798 3266 1922 3314 nihil
1954 3265 2160 3315 humani
2194 3265 2421 3314 alienum
2447 3277 2666 3330 putant,
2686 3284 2792 3317 on·

1713 3340 1853 3391 nium
1909 3340 2032 3391 mihi
2085 3342 2288 3390 veniam
2344 3339 2553 3391 facere.
2623 3346 2787 3394 Perre

1717 3416 2000 3467 Pantaleon
2018 3416 2117 3466 iste
2131 3416 2496 3479 Omphalionis
2514 3420 2660 3471 filins
2674 3421 2787 3481 fait,

1716 3502 1774 3543 ut
1797 3495 1871 3545 ait
1889 3492 2187 3557 Strsho,aeul
2210 3496 2433 3543 Πισατῦν
2449 3495 2666 3557 ubendo.
2680 3500 2788 3547 Jus-

1715 3571 1846 3621 Seni.

1782 3646 2056 3711 Pisatilem]
2092 3645 2323 3697 Pisuh'les
2345 3656 2470 3699 sunt
2489 3650 2541 3698 ol
2562 3654 2788 3711 Πισᾶται,

1712 3723 1908 3773 Pisani.
1973 3722 2261 3773 Pantaleon
2296 3724 2397 3774 iste
2424 3726 2788 3791 omphsfio-is

1711 3798 1846 3849 filius
1882 3798 1998 3862 fuit,
2030 3807 2089 3849 ut
2125 3799 2200 3849 ait
2237 3800 2420 3850 Strab.
2465 3803 2564 3852 lib.
2589 3819 2715 3856 vnn.
2736 3814 2789 3854 et

576 3879 683 3939 pla,
705 3886 764 3927 ut
805 3879 1059 3944 Olympus
1089 3887 1146 3929 et
1186 3878 1631 3941 Pieria,'1'hraciae
1714 3876 2017 3926 Pissnorum
2057 3875 2180 3925 dux.
2244 3876 2368 3925 Pisa
2406 3890 2592 3929 autem
2637 3882 2790 3932 Pelo-

575 3949 724 4002 fuere
748 3953 859 4003 loca
876 3961 932 4004 et
955 3962 1175 4015 montes,
1198 3959 1257 4003 ut
1279 3961 1335 4003 et
1360 3954 1472 4019 ipse
1491 3954 1633 4004 Stra·
1717 3952 1932 4018 ponnesi
1975 3952 2124 4014 urbs;
2172 3958 2229 4001 et
2271 3953 2415 4015 regio
2459 3954 2683 4018 Pis-ses,
2719 3957 2786 4005 de

578 4026 645 4075 bo
699 4027 851 4078 docet
894 4030 1035 4079 alibi.
1102 4030 1151 4079 A
1196 4030 1433 4096 Pimpleo
1476 4032 1634 4094 igitur
1718 4030 1902 4095 quibus
1936 4028 2057 4079 vide
2075 4027 2245 4078 Strsb.
2288 4028 2517 4080 Pausan.
2567 4033 2789 4083 Pindari

577 4103 887 4166 Pimpleides,
921 4107 1232 4169 pimpliades,
1275 4114 1332 4157 et
1373 4108 1633 4173 Pipleida.
1715 4106 1888 4157 Schol.
1925 4112 1980 4155 et
2014 4104 2249 4154 Servium
2294 4106 2360 4154 ad
2402 4106 2532 4156 illud
2582 4109 2789 4160 AEncid.

575 4180 742 4229 Varro
763 4181 854 4229 lib.
881 4196 954 4230 vr.
1019 4181 1141 4231 ‘Ita
1161 4184 1295 4232 enim
1334 4183 1398 4233 ab
1445 4193 1636 4234 terres·
1715 4182 1966 4246 ‘Alphea
1989 4181 2054 4230 ab
2084 4179 2284 4244 origine
2320 4180 2499 4232 Pisae:
2563 4185 2784 4234 Sebeda

577 4255 743 4306 trihus
784 4257 909 4308 locis
948 4258 1345 4322 cognominatae,
1383 4261 1640 4313 Libethri·
1716 4258 1913 4309 habent
1933 4257 2184 4322 pisalitem,
2205 4271 2304 4322 pro
2324 4259 2594 4325 pis-tileo,
2620 4270 2674 4313 et
2708 4263 2782 4311 its
