3020 4853
446 400 543 447 ΟΒ
591 396 1001 447 VERBORUM
1052 394 1674 445 steritvloA'rtoNss
1724 395 1865 443 [AB.
1913 393 2076 441 le.

2235 375 2369 443 689

294 541 668 631 manifestum
695 541 886 606 ductu
936 541 1122 608 sortis
1151 536 1341 627 deligi
1390 536 1624 619 solitOS,
1652 538 1762 625 qui
1804 556 2071 625 augures
2109 534 2369 621 publici.

293 644 369 711 P.
414 643 502 709 R.
595 642 948 714 Quiritium
1014 645 1082 709 in
1169 641 1583 729 auguralibus
1636 641 1980 705 dicerentur
2037 639 2373 724 captabant

292 749 554 834 auspicia
614 746 837 833 templo
891 745 1023 812 coeli
1073 746 1422 834 regionibus
1474 746 1815 832 designata,
1843 744 2012 832 quod
2057 741 2236 823 lituo,
2263 744 2374 830 qui

291 852 621 939 quirinalis
650 849 1027 936 appellatur,
1060 849 1469 939 designabant
1508 850 1578 914 in
1623 848 1915 935 pomario
1944 860 2118 914 extra
2145 846 2374 914 urbem·

1245 1077 1320 1122 es
1351 1055 1512 1122 faci.

675 1207 694 1227 .
870 1202 887 1219 .
1252 1159 1476 1225 fecisti
1557 1201 1562 1202 f
2137 1205 2156 1225 .
2359 1206 2377 1223 .

164 1264 394 1370 'Picus
428 1261 570 1329 Rex
608 1263 750 1348 pico
782 1283 896 1326 ave
915 1261 940 1299 ¹¹
973 1260 1284 1343 utebatur,
1312 1272 1384 1326 ut
1427 1261 1677 1327 Verrius
1706 1262 1801 1328 ait
1843 1262 1931 1327 ob
1958 1261 2382 1349 augurium,a

282 1389 403 1454 quo
460 1367 545 1432 sic
604 1364 822 1432 dictus

936 1362 1006 1429 Is
1052 1385 1252 1452 regem
1303 1361 1607 1445 Faenum,
1669 1363 1981 1430 Faunum
2024 1364 2142 1429 alii
2205 1385 2384 1452 quem

282 1480 522 1550 vocant,
548 1480 609 1534 et
639 1466 911 1534 Fatuam
931 1468 1336 1554 procreavit;
1366 1474 1433 1534 et
1462 1487 1554 1534 ex
1595 1467 1680 1532 eis
1718 1464 1990 1562 Latinus
2019 1469 2192 1532 ortus
2231 1465 2383 1530 Tro-

264 1573 461 1658 janos
486 1592 718 1637 summo
745 1569 972 1636 honore
1021 1570 1275 1637 adfecit
1303 1576 1380 1637 ut
1421 1570 1610 1635 etiam
1639 1591 1850 1635 eorum
1882 1593 2083 1658 regem
2117 1568 2387 1658 fugien-

285 1687 405 1740 tem
456 1675 747 1761 Argivos
801 1676 1091 1742 AEneam
1144 1674 1421 1761 hospicio
1471 1674 1757 1762 suscepit,
1805 1673 1992 1739 dedit‘
2018 1676 2388 1751 civitatem,

272 1781 504 1865 junxit
530 1788 742 1843 natam
769 1777 1092 1843 connubio.

204 1881 384 1947 Pube
423 1889 762 1967 pressante:
806 1892 890 1950 est
941 1881 1177 1968 populo
1212 1825 1514 1968 prasente
1556 1826 2024 1971 sinzingun-55
2017 1881 2100 1946 ab
2157 1822 2256 1960 iis,
2284 1880 2392 1968 qui
2499 1881 2506 1886 ’

276 1984 541 2071 puberes
569 1993 713 2047 suut
742 2003 976 2049 omnem
996 1982 1305 2071 populum
1335 1985 1712 2073 significant.

204 2086 293 2151 P.
413 2135 430 2152 .
520 2083 696 2173 qun¹¹
782 2134 801 2152 .

1201 2270 1416 2324 NOTAE

254 2383 279 2418 ¹³
316 2384 477 2436 Pica·
502 2384 609 2435 Rea·
625 2383 731 2449 pico
751 2383 863 2448 aee]
916 2383 997 2435 De
1017 2383 1145 2435 Pico
1167 2397 1263 2433 ave

187 2468 245 2512 et
270 2477 402 2526 rege
428 2461 549 2511 vide
570 2477 661 2511 suo
683 2462 832 2512 loco‘
852 2460 1040 2511 Picus!
1106 2461 1265 2511 Picus

180 2538 550 2603 Aboriginum
574 2552 666 2587 rex
703 2538 934 2587 Faunum
970 2536 1268 2601 procreavit

183 2626 245 2668 et
270 2618 541 2678 Fanniam,
574 2616 680 2665 sive
702 2616 922 2665 Fatuum
943 2621 998 2664 et
1018 2616 1265 2665 Fatuam:

176 2708 308 2744 nam
336 2700 397 2743 et
423 2693 503 2742 ita
530 2692 853 2743 dicebantur.
915 2691 1126 2742 Servius
1161 2705 1266 2741 vu.

179 2768 403 2819 AEneid.
430 2774 447 2797 ‘
466 2767 690 2819 Quidam
716 2769 863 2818 Deus
884 2776 965 2818 est
991 2768 1272 2818 Fatuellus.

178 2845 371 2911 Hujus
420 2859 557 2895 uxor
598 2849 679 2893 est
722 2844 908 2903 Fatua,
951 2844 1107 2895 iidem
1151 2851 1274 2896 sunt

171 2924 408 2974 Faunus
458 2929 517 2973 et
558 2921 770 2985 Fauna,’
813 2924 911 2973 dec.
992 2922 1199 2972 Faunus
1240 2937 1273 2973 e

173 3013 376 3051 sorore
423 3000 607 3049 Fauna
643 2998 880 3048 Latinum
906 2999 1161 3064 suscepit,
1185 3015 1273 3050 cu·

156 3078 264 3143 jus
290 3082 506 3143 postea
528 3089 690 3138 gener
715 3076 920 3127 AEneas.
986 3077 1122 3140 Etsi,
1156 3091 1275 3128 curn

168 3156 414 3204 Faunus
441 3151 585 3202 idem
617 3151 733 3201 Pan
764 3151 927 3202 Arcas
946 3144 1107 3204 fuerit
1130 3154 1275 3219 cujus

167 3231 245 3281 ab
272 3228 563 3280 Evandro
584 3227 749 3277 cultus
784 3228 986 3278 Latium
1019 3228 1119 3279 fuit
1148 3230 1277 3279 inla-

162 3319 284 3371 tus,
330 3321 476 3358 eum
524 3305 575 3354 in
630 3305 780 3354 Latio
828 3317 1071 3370 regnasse
1120 3321 1277 3358 merae

161 3400 342 3451 nugae
368 3384 455 3433 ab
480 3382 544 3432 iis
563 3381 820 3438 conficta,
843 3382 930 3447 qui
954 3383 1085 3433 boc·
1073 3397 1278 3449 ignora-

154 3471 323 3515 runt.
375 3462 547 3511 Idem.

231 3541 250 3576 ¹
290 3534 463 3591 Pube
501 3536 761 3601 prasente]
827 3535 966 3587 Vide
1006 3550 1099 3587 suo
1146 3538 1282 3590 loco.

228 3696 260 3730 ¹¹
303 3696 385 3746 P.
434 3729 455 3745 .
501 3727 514 3743 .
544 3692 674 3757 qm]
709 3692 789 3742 De
815 3690 915 3742 Pio
946 3704 1009 3741 ac
1045 3689 1284 3754 Piaculo,

149 3779 219 3824 et
242 3768 680 3838 expiationibus
695 3766 954 3832 fulgurum
978 3767 1146 3831 egisse
1164 3765 1285 3814 Fes-

144 3861 279 3902 tum
311 3855 515 3914 puto:
551 3844 677 3895 item
715 3846 1005 3909 pecuniam,
1038 3857 1151 3908 quae
1180 3856 1290 3891 ero·

141 3934 415 3992 geretur
475 3920 798 3985 piaculorum
837 3936 1016 3985 causa,
1058 3918 1288 3984 piacula-

139 4019 283 4055 rem
317 4002 592 4052 dictam.
577 4013 591 4027 ·
631 3999 928 4063 edictaque,
955 4012 1070 4062 quae
1092 3995 1213 4062 quid
1237 3995 1288 4045 in

136 4080 506 4145 religiones
519 4073 585 4123 ob
602 4073 944 4138 ignorantiam
968 4074 1288 4138 commissum

137 4159 407 4224 expiari
386 4150 708 4218 juberent,
725 4151 1005 4217 piacularia
1021 4151 1189 4202 dicta·
1215 4149 1291 4199 id·

130 4254 266 4305 que
297 4222 549 4285 referri
561 4245 594 4279 a
610 4229 865 4279 Messala‘
853 4243 903 4278 ιιι
924 4229 1291 4294 explanatione

129 4323 484 4365 anctorum
498 4339 517 4367 ,
535 4319 597 4354 an
622 4306 964 4368 auguriorum.
1034 4305 1289 4372 Sequeba-

302 4386 547 4454 Delph.
563 4393 611 4437 et
642 4386 755 4437 Var.
777 4387 909 4436 cau.

1180 4387 1346 4451 Pomp.
1374 4387 1507 4438 Fese.

1346 2392 1431 2437 tur
1440 2384 1629 2437 deinde
1644 2401 1660 2435 =
1682 2386 2204 2451 Pipalam.ploratus,a
2217 2385 2397 2451 pipam

1346 2465 1600 2529 pullorum
1636 2474 1874 2516 sumtum.
1948 2466 2112 2514 Varro
2149 2464 2202 2512 in
2242 2461 2403 2515 Aulu-

1344 2539 1506 2592 laria:
1542 2549 1557 2573 ‘
1583 2542 1773 2608 Pipulo
1806 2551 1860 2593 te
1899 2539 2133 2591 differam
2174 2547 2296 2591 ante
2335 2556 2404 2590 ae·

1348 2617 1443 2667 des
1462 2616 1499 2669 z'
1540 2619 1592 2669 id
1631 2626 1732 2684 est,
1756 2619 2010 2677 convicio,
2033 2618 2342 2669 declinatum
2373 2632 2406 2667 a

1350 2695 1532 2759 pipatu
1569 2696 1845 2760 pullorum.
1911 2693 2142 2745 Isidorus
2177 2696 2228 2744 in
2256 2693 2408 2744 Glos-

1349 2772 1450 2822 sis:
1486 2780 1501 2803 ⁶
1521 2773 1733 2839 Pipulo‚
1754 2773 1981 2837 ploratu,
2002 2770 2274 2823 convicio!
2306 2772 2408 2821 Re·

1351 2848 1491 2913 liqna
1510 2849 1611 2899 alio
1633 2850 1984 2915 pertinebant,
2022 2847 2088 2899 de
2113 2846 2408 2899 consulibus

1353 2938 1634 2990 eorumque
1678 2924 1984 2976 lictoribus:
2025 2932 2152 2992 puto
2185 2926 2248 2975 iis
2275 2931 2412 2974 trac·

1357 3009 1521 3051 tatum
1545 3000 1707 3052 fuisse
1739 3002 1804 3053 de
1832 3003 2034 3067 legibus
2058 3000 2411 3052 consularibus

1355 3078 1409 3127 in
1431 3079 1572 3129 cives
1597 3079 1811 3146 rogatis,
1844 3095 1962 3146 quae
1983 3080 2279 3135 sanciebant
2305 3093 2415 3144 poe-

1356 3169 1475 3205 nam
1517 3156 1809 3209 verberum.
1877 3158 2013 3209 Nam
2048 3160 2100 3208 in
2125 3156 2228 3207 tine
2257 3156 2416 3207 mani-

1357 3230 1495 3283 festo
1516 3233 1629 3284 bne
1651 3236 1847 3300 scripta
1879 3234 2088 3286 fuerunt
2110 3252 2124 3285 ι
2158 3234 2312 3285 tribus
2332 3237 2415 3282 35.

1357 3316 1443 3361 aue
1482 3310 1740 3375 privilegia
1782 3313 2017 3376 irrogare,
2049 3318 2129 3363 aut
2172 3313 2232 3361 de
2263 3309 2418 3373 capite

1355 3386 1477 3437 civis
1509 3393 1742 3451 statuere,
1786 3389 1884 3438 nisi
1932 3390 2137 3438 maximo
2174 3386 2420 3435 comitiatus

1357 3468 1522 3514 vetant
1577 3468 1658 3514 12.
1706 3465 1992 3515 Tabularum
2034 3466 2179 3525 leges,
2218 3465 2419 3525 praeeer-

1359 3555 1497 3604 qaam
1517 3541 1571 3589 in
1591 3541 1834 3606 veneficos,
1847 3542 2016 3605 quique
2036 3540 2208 3593 malm
2231 3548 2422 3587 carmen

1359 3616 1638 3666 inoantant:
1672 3617 1783 3679 qaia
1805 3617 1901 3680 ipsi
1934 3615 2192 3664 indmaati
2212 3613 2328 3674 jure
2346 3628 2422 3662 oc·

1361 3692 1604 3744 ddantm.
1628 3716 1645 3728 ·
1672 3692 1867 3743 Notum
1891 3699 1971 3741 est
1999 3690 2135 3756 quod
2159 3689 2327 3753 posui,
2354 3688 2421 3739 de

1364 3767 1539 3831 capite
1574 3767 1719 3829 civis,
1752 3773 1810 3816 et
1833 3766 1898 3816 de
1926 3765 2206 3830 privilegiis
2229 3779 2295 3812 ex
2334 3764 2418 3814 Ci-

1365 3844 1570 3895 ceronis
1593 3857 1696 3892 non
1719 3843 1898 3908 paucis
1918 3842 2077 3893 locis:
2114 3855 2208 3906 pro
2231 3840 2428 3902 Sextio,

1364 3936 1459 3986 pro
1481 3920 1655 3984 domo,
1677 3924 1735 3970 et
1755 3933 1846 3969 ιιι.
1864 3920 1929 3970 de
1962 3919 2124 3983 legib.
2149 3917 2298 3968 libro.
2345 3920 2427 3969 De

1369 3995 1612 4046 veneficis
1656 4004 1711 4047 et
1766 3994 2172 4045 incantatoribus
2218 3994 2425 4044 notissi-

1371 4087 1481 4124 mus
1503 4080 1588 4124 est
1609 4072 1766 4122 Plinii
1786 4074 1927 4122 locus
1962 4072 2052 4122 lib.
2075 4086 2278 4122 xxviii.
2308 4088 2357 4123 c.
2379 4076 2428 4121 2.

1372 4149 1711 4200 indemnatos
1734 4148 1806 4209 ait
1829 4147 2017 4199 occidi.
2072 4148 2211 4202 Quia
2241 4148 2430 4213 passim

1375 4226 1650 4291 unicuique
1686 4224 1981 4277 interficere
2008 4226 2223 4288 licebat,
2260 4233 2317 4276 ut
2341 4239 2432 4288 ap-

1381 4312 1546 4368 paret·
1579 4304 1689 4355 Jos.
1714 4302 1842 4354 Saul.

2183 4383 2301 4434 2X
