3020 4853
517 422 615 469 ΠΒ
665 420 1074 470 vssssnomJM
1124 420 1745 472 Slcnrvloavtofln
1798 423 1939 472 mn.
1987 424 2096 472 XI.

251 575 256 580 ‘
305 587 441 632 mus
495 555 668 632 ultra
716 559 1065 636 columnas
1129 570 1431 635 extendit
1476 570 1662 654 tigna
1726 587 1860 654 quo
1914 569 2394 655 ampliarentur

304 671 660 754 superiora.

225 773 498 837 Maesius
542 772 568 809 ¹³
624 774 857 858 lingua
907 773 1117 853 Osca,
1188 777 1434 841 mensis
1507 777 1756 841 Maius.
1866 775 2031 841 Osci
2092 780 2267 844 euim
2348 798 2390 843 a

297 878 561 960 regione
590 875 999 964 Campaniae,
1036 899 1191 965 quae
1222 890 1330 944 est
1360 878 1637 960 Oneon,³
1668 881 1896 948 vocati
1929 887 2100 945 snut.
2354 883 2377 888 ’“

1120 1029 1478 1054 ΝΟΟΟΟΟΟΟΝΟ

275 1111 303 1156 s
338 1106 470 1157 Vide
506 1109 671 1159 Notas
706 1107 858 1160 infra.

1196 1227 1243 1277 N
1252 1228 1406 1279 0¹1·AE

213 1340 382 1404 priscis
419 1339 657 1401 Latinis;
712 1340 1041 1406 quamobrem
1084 1343 1131 1391 ei
1167 1358 1253 1394 eo-

210 1419 424 1469 lnmnam
447 1418 624 1470 datam
647 1434 760 1469 esse
786 1420 920 1470 Pliu.
943 1420 1129 1471 scribit
1161 1421 1253 1471 lib.

211 1509 395 1547 xxxiv.
418 1511 540 1560 esp.
569 1502 621 1549 ὁ.
657 1499 790 1547 Cum
812 1498 969 1548 Festo
993 1501 1253 1549 consenti·

209 1582 297 1624 unt
319 1576 518 1625 Nonius
540 1584 595 1625 et
619 1575 869 1636 Isidorus.
904 1577 1024 1625 Ant.
1050 1578 1180 1639 Aug.

267 1653 531 1718 Maniam]
584 1654 600 1681 ‘
640 1652 978 1715 Meuianum,'
1032 1652 1253 1715 ἐξώστης,

205 1729 497 1780 ‘Meniauus
520 1728 750 1789 luobus!
766 1729 992 1781 Glossae.
1007 1731 1110 1780 Jos.
1126 1730 1253 1780 θοαὶ.

267 1807 533 1873 Maeaimu]
569 1807 702 1857 Hoee
735 1816 856 1857 snut
887 1808 1055 1859 Pauli.
1118 1810 1251 1860 Qnae

208 1883 379 1933 Festus
413 1885 723 1948 scripserat,
753 1884 927 1934 inveni
952 1884 1002 1934 in
1032 1883 1250 1942 schedis,

206 1976 323 2026 quas
344 1962 509 2012 editio
530 1963 755 2012 Romam
781 1962 945 2011 Fulvii
970 1962 1148 2012 Ursini
1170 1976 1248 2012 re-

203 2045 491 2101 presentat.
558 2040 635 2089 Eu
659 2039 784 2090 tibi:
838 2040 854 2068 ‘
876 2038 1137 2090 Meniaua
1158 2053 1245 2101 ap-

204 2115 383 2178 pellata
414 2123 539 2166 sunt
579 2129 611 2166 a
644 2116 837 2166 Menio
878 2117 1126 2178 censore,
1159 2116 1247 2181 qui

205 2193 389 2255 primus
410 2195 460 2243 in
501 2192 617 2244 foro
641 2195 776 2244 ultr-
809 2195 1072 2244 columnss
1106 2195 1248 2258 tigna

203 2272 428 2335 projecit,
461 2288 568 2338 quo
590 2274 962 2338 ampliarentur
984 2273 1249 2336 superiora

201 2349 525 2409 spectacula.'
589 2351 963 2400 Munianorum
1017 2351 1249 2401 meminit

200 2421 372 2474 Cicero
395 2423 650 2476 Academ.
675 2426 874 2479 Quaest.
901 2424 992 2476 lib.
1016 2438 1090 2474 tv.
1123 2425 1139 2453 ⁶
1162 2425 1248 2476 Iu·

200 2504 337 2552 terim
360 2504 444 2554 ille
469 2519 593 2554 cum
628 2512 889 2566 aestnaret,
920 2512 1153 2553 veterum
1188 2512 1248 2556 ut

196 2578 665 2643 Maeuisnornm,sie
673 2581 1097 2632 Academicorum
1111 2582 1244 2631 viam

197 2664 392 2707 secutus
415 2655 543 2707 est!
600 2657 836 2708 Nominis
860 2672 1065 2708 cansam
1091 2658 1245 2709 docet

196 2729 376 2783 Ascon.
406 2734 457 2783 in
491 2733 714 2784 divinat.
763 2734 1034 2798 ‘Maeuius,
1058 2735 1243 2798 iuquit,

196 2823 302 2859 cum
342 2810 549 2862 domum
591 2825 733 2860 snam
773 2810 1022 2861 venderet
1056 2812 1240 2861 Catoni

194 2896 243 2937 et
275 2887 458 2941 Flacco
478 2888 811 2950 censoribus,
843 2895 902 2938 ut
933 2888 1003 2938 ibi
1026 2887 1243 2939 basilica

195 2966 551 3033 aedificaretur,
571 2973 852 3032 exceperat
866 2968 957 3032 Jus
971 2966 1071 3017 sibi
1093 2969 1242 3017 unius

191 3044 428 3096 columnae
454 3061 615 3111 snper
638 3061 789 3111 quam
809 3051 1004 3096 tectum
1022 3044 1238 3110 projice·

195 3130 265 3171 ret
287 3137 350 3173 ex
376 3123 767 3189 prevalentibus
802 3123 1066 3186 tabulatis,
1098 3122 1238 3173 uude

190 3198 292 3261 ipse
313 3209 367 3251 et
402 3202 601 3266 posteri
635 3202 748 3266 ejus
786 3208 1023 3266 spectare
1053 3214 1236 3251 munus

190 3276 525 3340 gladiatorum
549 3277 928 3345 possent,quod
951 3280 1107 3328 etiam
1125 3287 1233 3329 tum

189 3351 235 3401 iu
270 3353 377 3405 foro
413 3355 658 3405 dabatur.
725 3357 804 3405 Ex
840 3354 930 3406 illo
953 3355 1113 3418 igitur
1136 3357 1235 3405 Co-

1336 1362 1458 1408 rew,
1483 1362 1644 1412 opera
1664 1348 1870 1408 musica,
1892 1349 1992 1397 διο.
2051 1345 2183 1397 Nam
2203 1345 2383 1395 eadem

1337 1424 1486 1487 plane
1523 1439 1604 1474 res
1640 1433 1737 1474 est.
1809 1425 1990 1489 Neque
2015 1431 2184 1475 tamen
2209 1439 2238 1473 a
2262 1423 2386 1475 Ma-

1332 1503 1410 1549 nio
1430 1501 1571 1551 diets
1594 1501 1873 1565 Maniam,
1890 1500 1982 1550 sed
2006 1513 2037 1550 a
2056 1499 2245 1563 mnia,
2268 1515 2383 1565 qun

1333 1586 1452 1626 sunt
1470 1577 1736 1640 περίβολοι,
1754 1587 1810 1628 ut
1824 1579 2019 1642 optime
2034 1578 2153 1628 olim
2172 1592 2383 1640 maguus

1330 1653 1628 1705 Salmasius.
1697 1655 1826 1705 Nam
1859 1654 2139 1704 maniatium
2172 1654 2381 1719 proprie

1329 1728 1584 1794 περίβολον
1602 1729 1711 1781 sive
1736 1729 1944 1794 podium
1967 1730 2018 1779 iu
2042 1730 2262 1780 circuitu
2287 1731 2381 1780 So-

1329 1808 1568 1860 lariornm
1598 1807 1846 1872 positum,
1865 1822 1932 1858 ne
1965 1805 2131 1860 facilis
2165 1808 2216 1856 in
2249 1809 2382 1871 prae‘·

1328 1899 1453 1949 ceps
1493 1883 1666 1949 lapsus
1701 1891 1872 1933 esset:
1922 1897 2023 1949 qua
2056 1896 2182 1932 voce
2221 1882 2377 1932 etiam

1329 1962 1500 2011 Latini
1538 1962 1613 2010 nsi
1656 1968 1791 2022 sunt,
1831 1959 1926 2024 qul’
1952 1958 2244 2023 peribolum
2283 1973 2377 2023 pro

1326 2037 1592 2088 Moeuiano
1629 2035 1830 2087 dixere.
1893 2035 2121 2100 Optima
2168 2037 2378 2101 glossoe,

1327 2117 1343 2144 ‘
1370 2115 1680 2178 peribolum,
1721 2113 1988 2179 aepbpopovss
2055 2114 2376 2178 Propbornm

1328 2200 1500 2243 antem
1539 2194 1657 2243 nibil
1691 2192 1827 2242 aliud
1854 2198 1955 2255 est,
1988 2207 2140 2257 quam
2173 2193 2379 2256 projee-

1331 2278 1438 2320 tum
1477 2270 1770 2333 provolans,
1812 2270 1923 2320 sive
1964 2269 2222 2330 solarium,
2266 2269 2376 2318 sire

1328 2348 1531 2411 planum
1558 2355 1752 2396 tectum
1771 2362 1836 2396 ex
1854 2346 2158 2396 transversis
2180 2355 2234 2396 et
2259 2360 2377 2410 pro·

1327 2422 1616 2474 volantibus
1670 2422 1917 2474 tabulatis
1962 2436 2054 2486 per
2102 2423 2373 2473 circuitum

1323 2516 1515 2552 corona
1547 2501 1829 2551 munitum:
1865 2499 2000 2550 idem
2036 2499 2373 2550 chalcidicum

1324 2580 1540 2645 dictum,
1556 2582 1836 2645 hyperoon,
1858 2590 1914 2632 et
1938 2580 2169 2645 pergula.
2226 2577 2374 2643 Adji-

1324 2658 1561 2710 eiebatur
1595 2658 1873 2722 aliquando
1911 2656 2106 2728 foribus
2140 2664 2194 2707 et
2217 2656 2376 2721 porti·

1322 2737 1486 2799 cibus,
1524 2743 1580 2786 nt
1619 2735 1770 2786 hodie
1817 2735 2058 2785 balcones
2097 2734 2280 2795 nostri,
2316 2730 2372 2785 et

1323 2812 1444 2864 iude
1486 2813 1539 2863 ln
1585 2812 1696 2863 foro
1745 2812 2043 2878 spectacula
2098 2809 2185 2859 illa
2234 2808 2373 2860 uude

1320 2892 1693 2955 spectabantur
1732 2890 1859 2949 ludi,
1910 2897 1967 2938 ut
2021 2887 2210 2938 essnlae
2268 2887 2370 2937 illoe

1320 2976 1533 3022 nostrae‚
1556 2967 1810 3017 moenisna
1828 2967 1985 3016 etiam
2008 2964 2169 3015 dicta.
2212 2962 2372 3015 Plura

1322 3041 1440 3093 vide
1463 3042 1602 3108 apud
1633 3043 1933 3093 Salmasium
1968 3044 2019 3091 in
2053 3042 2184 3093 AElio
2214 3042 2371 3106 Spar·

1324 3121 1481 3172 tiano.
1514 3122 1639 3172 Due.
2354 3112 2359 3119 ’

1397 3197 1422 3232 ¹·
1471 3197 1697 3263 Moesias]
1757 3199 1803 3249 A
1836 3213 1936 3265 quo
1973 3204 2153 3262 postea
2188 3197 2370 3249 Maius.

1315 3279 1454 3344 Ergo
1477 3278 1562 3328 bic
1584 3279 1770 3328 mensis
1804 3285 1926 3328 aute
1954 3278 2165 3327 Romam
2188 3274 2368 3325 eondi-

1316 3361 1420 3404 tam
1435 3355 1566 3417 fnit3
1589 3372 1747 3422 quare
1768 3354 1947 3406 falsum
1970 3364 2049 3405 est
2071 3369 2185 3403 enm
2209 3368 2238 3402 a
2260 3369 2366 3403 ma·

187 3428 350 3482 lomna
374 3432 636 3483 Maeniana
658 3434 887 3483 vocitata
911 3431 1028 3483 est.'
1087 3433 1233 3483 Idem
1304 3433 1502 3498 joribus
1552 3434 1751 3484 Romuli
1796 3447 1979 3483 nomen
2022 3433 2264 3493 traxisse,
2306 3420 2366 3481 ut

191 3514 326 3557 vetus
349 3510 612 3573 interpres
639 3507 842 3558 Horatii
867 3508 956 3558 lib.
988 3521 1024 3558 1.
1046 3507 1158 3557 Sat.
1180 3513 1231 3557 3.

187 3583 443 3635 adducens
469 3585 595 3635 illud
622 3585 804 3635 Lucilii
827 3603 838 3632 ε
875 3588 890 3613 ⁸
909 3584 1130 3635 Maenins
1147 3599 1233 3636 co·

186 3659 398 3712 lumnam
422 3678 542 3712 cum
567 3658 809 3728 peteret.'
855 3660 1006 3713 Quod
1030 3660 1096 3710 ad
1114 3675 1230 3711 nor·

184 3752 312 3788 mam
357 3754 533 3790 versus
576 3741 649 3790 sic
695 3738 849 3791 facile
896 3737 1127 3803 reducas,
1171 3746 1230 3791 ut

181 3810 311 3865 Jano
359 3818 526 3868 Duzae
575 3817 696 3867 olim
747 3817 994 3882 suboluit,
1044 3818 1230 3868 Colum·

181 3904 284 3940 nam
326 3892 544 3961 Manias
585 3910 689 3944 cam
737 3900 941 3959 peteret,
1004 3894 1083 3943 vel
1126 3911 1232 3946 cum

179 3970 427 4033 πεῖρεν-ιε.
516 3972 697 4035 Porro,
735 3978 810 4024 'ut
855 3972 1229 4023 Maenianorum

183 4047 429 4100 rationem
449 4056 507 4101 et
529 4050 732 4101 modum
756 4051 944 4113 diseas,
975 4066 1109 4116 pone
1134 4051 1229 4101 tibi

179 4124 242 4176 ob
274 4129 451 4179 oculos
485 4129 759 4180 hodiernus
790 4136 989 4181 nostras
1014 4130 1228 4186 castilas,

177 4216 296 4267 quas
350 4206 508 4270 vulgo
564 4221 803 4257 vocamus
858 4209 1024 4270 lagen
1091 4206 1226 4258 unde

1315 3511 1475 3560 voluit
1517 3513 1698 3563 Varro.
1770 3512 1886 3561 Osci
1917 3511 2070 3574 enim,
2102 3509 2187 3576 qui
2222 3524 2364 3559 oram

1314 3588 1607 3655 Campaniae
1645 3588 1944 3639 maritimam
1987 3586 2253 3646 tenebant,
2290 3586 2364 3634 sic

1312 3680 1427 3715 enm
1452 3674 1574 3717 ante
1593 3666 1805 3716 Romam
1821 3662 2079 3716 conditam
2092 3674 2363 3712 vocavere.

1308 3742 1445 3793 Vide
1490 3742 1625 3792 infra
1667 3743 1719 3793 iu
1764 3756 1894 3792 vore
1935 3743 1950 3769 ‘
1970 3739 2178 3791 Maius?
2256 3738 2362 3787 Pro

1315 3821 1460 3870 Oscos
1481 3819 1565 3869 alii
1589 3819 1768 3883 legunt
1794 3820 1959 3882 Oscor,
1992 3817 2077 3866 alii
2103 3817 2360 3865 Oscorum:

1309 3912 1461 3963 qnam
1487 3904 1796 3960 postremam
1820 3911 1918 3959 ego
1954 3893 2224 3944 lectionem
2250 3894 2362 3943 nni·

1308 3990 1367 4025 ce
1389 3977 1694 4038 amplector,
1726 3988 1843 4023 enm
1867 3972 2026 4022 selam
2051 3972 2218 4022 Oscos
2242 3984 2360 4035 par-

1310 4058 1411 4101 tem
1440 4050 1736 4115 Campania
1776 4048 2021 4111 tenuisse,
2043 4055 2102 4099 ut
2124 4062 2188 4097 ex
2213 4048 2360 4098 Stra-

1308 4128 1440 4178 bone
1463 4136 1520 4178 et
1543 4128 1656 4177 aliis
1681 4134 1856 4177 notum
1882 4133 1979 4174 est.
2014 4125 2176 4174 Immo
2199 4124 2355 4173 etism

1305 4213 1360 4255 et
1396 4205 1558 4255 ab‘ea
1591 4213 1740 4270 parte
1764 4200 2077 4267 Campania,
2099 4216 2212 4266 qnae
2249 4214 2356 4250 ser-

174 4289 476 4344 spectantur
500 4281 629 4344 ludi,
649 4291 775 4348 puta
795 4277 1080 4350 tragoediae,
1106 4285 1224 4335 clio·
1302 4283 1544 4348 pentibus
1560 4284 1863 4347 abundaret,
1885 4280 2025 4346 Opici
2042 4282 2199 4347 prius.
2221 4286 2359 4344 post-

303 4363 482 4425 Daph.
503 4367 553 4414 et
573 4364 686 4415 γαν.
706 4365 838 4419 etan.

1109 4366 1275 4430 Pomp.
1301 4367 1348 4417 F
1345 4372 1432 4417 est.

2112 4359 2224 4410 2Α
