3020 4853
834 750 1617 869 EPISTOLA
1740 752 2329 846 PAULLI

1533 1050 1634 1101 AD

1053 1303 1588 1384 CAROLUM
1670 1300 2099 1382 REGEM.

1308 1595 1853 1607 ———-————

492 1861 795 1928 DivmAE
825 1862 1147 1945 largitatis
1193 1880 1481 1941 munere,
1515 1860 1843 1947 sapientia
1871 1858 2307 1945 potentiaque
2337 1851 2676 1943 praefulgi-

488 1965 580 2030 do
611 1965 899 2031 Domino
929 1963 1100 2049 Regi
1127 1963 1373 2031 Carolo
1404 1963 1667 2048 Regum
1699 1962 2181 2030 sublimissimo
2211 1961 2492 2028 Paullus
2522 1957 2677 2025 nlti-

487 2087 641 2134 mus
669 2070 1002 2135 servulus.
1073 2067 1371 2154 Cupiens
1402 2068 1659 2154 aliquid
1692 2068 1934 2134 vestris
1957 2066 2380 2134 bibliothecis
2408 2064 2673 2143 addere,

486 2172 649 2256 quia
693 2193 782 2238 ex
812 2172 1082 2258 proprio
1111 2192 1465 2259 perparum
1495 2173 1716 2251 valeo,
1746 2173 2125 2238 necessario
2166 2190 2256 2236 ex
2286 2169 2505 2235 alieno
2532 2187 2677 2234 mu·

492 2275 705 2342 tuavi.
793 2276 1037 2342 Festus
1065 2277 1351 2364 denique
1387 2277 1763 2363 Pompeius
1793 2274 2122 2341 Romanis
2154 2273 2397 2339 studiis
2425 2272 2676 2339 affatim

486 2380 805 2456 eruditus,
852 2387 990 2450 tam
1036 2401 1412 2450 sermonum
1459 2382 1861 2459 abditorum,
1910 2399 2111 2465 quam
2148 2378 2353 2445 etiam
2388 2395 2678 2462 quarun-

485 2483 639 2550 dam
670 2506 1025 2553 causarum
1055 2487 1342 2571 origines
1381 2489 1711 2573 aperienS,
1739 2503 1912 2571 opus
1940 2503 2134 2550 suum
2166 2483 2255 2548 ad
2301 2483 2539 2566 viginti
2565 2502 2680 2548 us-

486 2606 617 2671 que
645 2591 917 2672 prolixa
943 2590 1280 2658 volumina
1306 2592 1648 2659 extendit:
1694 2610 1784 2657 ex
1813 2609 1952 2676 qua
1978 2607 2101 2673 ego
2143 2586 2533 2672 prolixitate
2564 2605 2676 2652 su·
2788 2679 2796 2685 ἢ

486 2689 744 2773 pei-flua
801 2711 1108 2777 quaeque,
1136 2749 1139 2752 .
1167 2702 1237 2761 et
1305 2697 1525 2760 minus
1580 2693 1962 2760 necessaria
2004 2690 2566 2776 proetergrediens,
2611 2697 2680 2757 et

484 2793 794 2878 quaedam
829 2796 1140 2862 abstrusa
1167 2798 1436 2882 penitus
1455 2796 1632 2882 stylo
1656 2795 1929 2881 proprio
1951 2795 2333 2874 enucleam,
2353 2795 2675 2862 nonnulla

485 2899 584 2962 ita
612 2907 688 2962 ut
715 2903 896 2964 erant
923 2901 1152 2984 posita
1177 2900 1582 2986 relinquens,
1610 2901 1737 2966 boc
1774 2906 2017 2965 vestrae
2040 2899 2421 2966 celsitudini
2448 2900 2675 2981 legen-

486 3000 646 3065 dum
696 3003 1163 3087 compendium
1210 3003 1442 3070 obtuli.
1531 3003 1611 3069 In
1639 3001 1832 3087 cnjus
1860 3004 2056 3083 serie,
2084 3003 2145 3069 si
2190 3008 2407 3069 tamen
2436 3002 2676 3068 lectum

484 3105 583 3168 ire
613 3125 747 3170 non
778 3105 1318 3192 dedignabimini,
1349 3107 1659 3193 quaedam
1690 3106 2051 3172 secundum
2081 3114 2312 3186 artem,
2355 3107 2667 3193 quaedam

474 3208 678 3295 juxta
726 3210 1198 3295 etymologiam
1236 3211 1459 3294 posita
1492 3229 1623 3276 non
1649 3210 2178 3278 inconvenienter
2207 3211 2580 3291 invenietis,
2609 3218 2677 3278 et

485 3314 828 3397 praecipue
847 3314 1144 3380 civitatis
1163 3319 1403 3380 vestrae
1428 3313 1775 3380 Romuleae
1799 3315 2080 3394 viarum,
2101 3321 2462 3400 portarum,
2492 3334 2677 3382 mon·

485 3415 670 3495 tium,
699 3415 1022 3497 locorum,
1054 3417 1477 3504 tribuumque
1513 3418 1843 3485 vocabula
1888 3418 2137 3485 diserta
2174 3419 2551 3504 reperietis,
2587 3420 2678 3485 ri-

487 3528 597 3586 tus
628 3529 953 3605 praeterea
990 3522 1355 3605 gentilium,
1400 3527 1468 3589 et
1501 3523 2034 3603 consuetudines,
2077 3523 2298 3591 varias
2348 3522 2676 3589 dictiones

485 3643 756 3711 quoque
797 3625 1016 3710 poetis
1062 3634 1135 3691 et
1173 3627 1716 3714 historiographis
1761 3627 2150 3707 familiares,
2200 3647 2367 3714 quas
2414 3628 2485 3694 in
2533 3631 2675 3695 suis

486 3729 827 3814 opusculis
873 3730 1290 3815 frequentius
1329 3752 1650 3817 posuere:
1695 3730 1880 3817 quod
1908 3732 2293 3816 exiguitatis
2333 3731 2504 3798 meai,b
2529 3752 2675 3797 mu·

485 3832 842 3898 nusculum
872 3833 931 3897 si
958 3853 1173 3918 sagax
1201 3839 1270 3900 et
1297 3835 1806 3902 subtilissimum
1838 3842 2131 3902 vestrum
2172 3836 2510 3920 ingenium
2537 3856 2670 3903 non

486 3923 968 4020 usquequaque
998 3937 1333 4022 repulerit,
1381 3939 1778 4006 tenuitatem
1820 3958 2063 4020 meam,
2102 3940 2245 4007 vita
2283 3940 2550 4022 comite,
2583 3940 2670 4008 ad

485 4038 747 4123 potiora
773 4040 1120 4107 excitabit.
1195 4038 1390 4108 Vale.
