3020 4853
744 403 823 454 u.
871 402 1133 453 vunnu
1186 403 1447 455 unaco!
1504 404 1675 466 Qua
1723 406 2053 458 uxum.
2399 397 2485 464 17

1035 695 1143 766 IN
1150 696 1438 765 CERTI
1482 696 1773 767 LIBRI.

399 884 805 952 Pnumms
838 885 1137 972 prodidit
1155 887 1427 956 Verrius
1453 897 1698 956 mortes
1716 889 2149 977 repentinas!

396 989 965 1074 Romaplurimos
995 991 1388 1076 elephantos
1419 993 1593 1059 vidit
1620 1014 1797 1061 anno
1826 996 2353 1081 quingentesimo
2383 1017 2485 1064 se-

312 1092 551 1171 cundo,
592 1092 878 1160 victoria
921 1090 1003 1160 L.
1035 1093 1294 1163 Metelli
1324 1094 1675 1164 Pontificis
1724 1099 1796 1164 in
1844 1096 2081 1165 Sicilia
2113 1098 2201 1166 de
2250 1100 2488 1167 Poenis

312 1203 575 1281 captos.
609 1211 852 1261 cxmr.
880 1195 1068 1264 fuere
1093 1201 1446 1266 transvecti
1469 1202 1751 1282 ratibus,
1772 1222 1942 1287 quas
1974 1202 2305 1270 doliorum
2337 1224 2492 1271 con·

313 1299 509 1365 sertis
552 1299 901 1366 ordinibus
958 1302 1433 1387 imposuerant.
1522 1304 1803 1371 Verrius
1860 1326 1979 1371 eos
2028 1325 2360 1392 pugnasse
2419 1307 2490 1372 in

314 1402 513 1483 circo,
547 1403 1060 1491 interfectosque
1097 1404 1374 1491 jaculis,
1416 1407 1645 1488 tradit,
1677 1410 1955 1492 penuria
1982 1409 2286 1476 consilii:
2327 1429 2492 1495 quo·

313 1507 491 1572 niam
522 1526 742 1592 neque
771 1508 859 1573 ali
891 1509 1293 1593 placuisset,
1319 1529 1537 1595 neque
1568 1510 1799 1577 donari
1828 1512 2150 1595 regibus.⁸

394 1606 891 1674 Tenuissimum
942 1613 1255 1678 muraenis
1305 1618 1556 1696 tergus,
1584 1618 1814 1679 contra
1843 1615 2154 1698 anguillis
2181 1615 2496 1695 crassius,

308 1732 531 1797 reoque
574 1713 907 1781 verberari
955 1715 1197 1781 solitos
1240 1715 1445 1782 tradit
1475 1713 1753 1781 Verrius
1800 1722 2265 1819 praetextatos,
2294 1725 2363 1785 et
2403 1720 2494 1784 ob

312 1815 380 1881 id
409 1816 723 1883 mulctam
749 1817 856 1883 his
888 1816 1054 1883 dicit
1087 1838 1220 1883 non
1244 1819 1643 1885 institutam.
1649 1814 1673 1855 ¹¹

398 1916 736 2038 Populum
781 1920 1161 1987 Romanum
1207 1923 1380 1989 farre
1425 1929 1689 1988 tantum
1732 1944 1770 1988 e
1814 1922 2138 2027 frumento
2183 1924 2495 2041 trecentis

314 2022 507 2089 annis
537 2043 735 2089 usum
763 2023 1043 2090 Verrius
1073 2024 1379 2092 tradidit.¹

398 2125 676 2192 Verrius
710 2127 1004 2195 Flaccus
1028 2139 1339 2196 auctores
1369 2132 1580 2216 ponit,
1611 2128 1860 2216 quibus
1887 2128 2167 2196 credat
2148 2107 2218 2195 in
2239 2151 2500 2216 oppug-

312 2231 694 2297 nationibus
723 2240 876 2297 ante
896 2234 1125 2299 omnia
1151 2234 1422 2300 solitum
1441 2253 1483 2299 a
1504 2232 1837 2299 Romanis
1858 2233 2320 2299 sacerdotibus
2343 2253 2502 2299 evo-

313 2335 452 2401 cari
478 2335 927 2421 Deum,cujus
951 2337 1018 2401 in
1044 2339 1250 2403 tutela
1267 2337 1333 2404 id
1363 2337 1682 2422 oppidum
1703 2344 1913 2415 esset,
1946 2337 2336 2420 promittiqu
2355 2335 2496 2400 eilli

314 2438 622 2518 eundem,
645 2445 760 2505 aut
786 2440 1175 2525 ampliorem
1206 2443 1426 2507 locum
1450 2443 1635 2525 apud
1667 2440 2037 2518 Romanos,
2067 2435 2455 2506 cultumve.¹¹

395 2541 661 2609 Tunica
692 2562 894 2610 aurea
920 2544 1838 2631 triumphasse-Tarquinium
1870 2543 2179 2608 Priscum
2211 2540 2496 2608 Verrius

311 2641 549 2711 tradit.¹

397 2747 765 2815 Enumerat
792 2757 1101 2817 auctores
1147 2747 1443 2829 Verrius,
1476 2751 1725 2836 quibus
1756 2749 2027 2815 credere
2060 2749 2148 2813 sit
2192 2767 2499 2826 necesse,

313 2851 358 2917 J
363 2851 517 2916 ovis
547 2851 762 2935 ipsius
785 2852 1125 2918 simulacri
1152 2852 1395 2918 faciem
1413 2853 1655 2918 diebus
1685 2853 1877 2918 festis
1908 2851 2113 2917 minio
2139 2850 2311 2916 illini
2341 2850 2504 2916 soli-

316 2962 471 3033 tam,
485 2945 1136 3040 triumphantumque
1157 2974 1467 3041 corpora.
1513 2956 1631 3022 Sic
1654 2953 2015 3021 Camillum
2033 2952 2501 3038 triumphasse.

318 3057 479 3124 Hac
511 3058 829 3143 religione
857 3060 1060 3124 etiam
1103 3077 1278 3123 nunc
1323 3058 1484 3124 addi
1528 3060 1598 3123 in
1643 3062 1978 3142 unguenta
2022 3074 2238 3120 coenoe
2277 3056 2504 3140 trium·

316 3161 562 3246 phalis,
607 3168 674 3227 et
730 3180 773 3227 a
815 3160 1231 3228 censoribus
1274 3162 1345 3227 in
1388 3159 1624 3247 primis
1666 3157 1911 3227 Jovem
1956 3156 2364 3223 miniandum
2405 3158 2506 3222 lo-

316 3265 527 3331 cari.“¹

402 3369 684 3435 Verrius
716 3365 1007 3436 Flaccus
1027 3371 1147 3450 ait,
1177 3390 1333 3437 cum
1361 3367 1655 3467 populus
1680 3364 1815 3434 Ro.
1838 3364 2224 3451 pestilentia
2250 3365 2510 3431 labora·

319 3478 440 3554 ret,
469 3478 792 3557 essetque
818 3492 1206 3558 responsum
1250 3474 1318 3539 id
1362 3472 1693 3550 accidere,
1725 3469 1908 3556 quod
1944 3467 2061 3534 Dii
2092 3469 2509 3553 despiceren-

316 3583 451 3658 tur,
497 3577 771 3643 anxiam
812 3577 1044 3642 urbem
1090 3576 1329 3658 fuisse,
1378 3578 1541 3662 quia
1581 3573 1718 3640 hon
1761 3572 2232 3655 intelligeretur
2275 3591 2511 3639 oracu-

322 3685 457 3749 lum
482 3702 499 3744 ε
518 3682 985 3765 revenisseque,
1008 3689 1085 3748 ut
1100 3679 1513 3748 Circensium
1533 3678 1642 3745 die
1669 3697 1837 3763 puer
1852 3675 1937 3741 de
1955 3671 2301 3742 coenaculo
2319 3694 2513 3759 pom·

323 3806 483 3871 pam
529 3804 819 3869 superne
863 3784 1266 3870 despiceret,
1297 3791 1367 3851 et
1408 3785 1585 3871 patri
1635 3781 1932 3860 referret,
1957 3797 2090 3863 quo
2139 3776 2366 3843 ordine
2411 3796 2514 3842 se-

328 3897 502 3958 creta
546 3907 881 3970 sacrorum
927 3888 1000 3954 in
1043 3879 1203 3956 arca
1244 3888 1477 3975 pilenti
1549 3884 1932 3969 composita
1988 3880 2282 3946 vidisset.
2374 3880 2515 3962 Qui

390 4095 413 4128 ¹'
438 4098 519 4148 Ex
541 4096 681 4147 Plio.
703 4095 793 4147 lib.
820 4109 921 4147 vn.
940 4109 1057 4163 esp.
1080 4101 1163 4149 58.
1523 4089 1549 4126 ¹¹
1583 4089 1662 4144 Ex
1688 4091 1803 4143 eod.
1827 4091 1914 4143 lib.
1933 4101 2142 4141 xxvm.
2167 4101 2283 4154 cap.
2304 4090 2355 4137 2.
2453 4109 2458 4112 ·

391 4182 418 4219 ⁸
448 4175 527 4224 Ex
548 4176 666 4225 eod.
688 4175 774 4225 lib.
799 4187 923 4226 vm.
944 4189 1064 4240 cap.
1083 4180 1136 4226 6.
1526 4170 1541 4203 “
1573 4172 1653 4230 Ex
1674 4171 1792 4222 eod.
1815 4171 1851 4222 l.
1875 4182 2039 4220 xxm.
2062 4184 2110 4216 c.
2133 4170 2183 4218 ⁸.

393 4250 415 4283 Ι·
450 4252 527 4302 Ex
548 4251 670 4303 eod.
691 4251 785 4301 lib.
810 4263 886 4301 ix.
910 4265 1024 4315 cap.
1045 4255 1127 4302 2³.
1521 4254 1564 4326 ⁴¹²
1599 4248 1674 4326 lix
1694 4247 1806 4298 cod.
1826 4244 1915 4297 lib.
1939 4260 2053 4310 cap.
2078 4245 2126 4324 7.

399 4327 411 4360 ¹
446 4330 518 4380 Ex
543 4330 662 4381 eod.
685 4329 723 4379 1.
742 4341 905 4378 xviri.
926 4343 971 4377 c.
995 4332 1043 4379 7.

462 4411 638 4476 Delph.
658 4416 705 4462 et
724 4411 843 4461 Ver.
863 4409 995 4462 Clau.
1255 4407 1422 4469 Pomp.
1449 4403 1583 4455 Fert.
2345 4393 2391 4443 B
