3020 4853
523 351 652 417 180

1182 358 1408 408 sssx‘m
1463 353 1770 405 ΡΟΜΡΕΙΙ
1823 351 2032 407 FBSTI

521 509 834 576 Conlatia
849 516 874 554 ‘¹
900 504 1215 592 oppidum
1244 505 1374 568 snit
1397 521 1605 586 prope
1629 499 1936 575 Romam,
1961 516 2044 563 eo
2071 494 2367 581 quodibi
2389 514 2553 581 opes
2581 494 2700 560 ali-

605 632 787 677 arum
819 613 1167 676 civitatum
1194 608 1436 673 fuerint
1459 603 1760 680 conlatae,
1813 621 1855 666 a
1882 620 2016 684 qua
2043 608 2239 683 porta
2267 600 2510 665 anae
2532 600 2698 665 Con-

602 718 810 782 latina
839 714 1018 780 dicta
1047 718 1175 778 est.

520 819 942 886 Conlativum
976 815 1375 881 sacrificium
1396 820 1416 846 f
1454 810 1724 887 dicitur,
1768 806 1947 894 quod
1983 824 2072 870 ex
2113 806 2490 871 conlatione
2518 805 2703 870 offer-

605 929 731 988 tur.

467 1060 473 1067 ·
521 1023 946 1090 Conlativum
983 1024 1317 1084 ventrem⁸
1363 1034 1674 1097 maguum
1715 1020 1782 1078 et
1825 1010 2156 1095 turgidum
2188 1010 2366 1076 dixit
2403 1010 2703 1084 PlantuS,

607 1126 767 1210 quia
797 1126 866 1189 in
894 1144 1045 1188 eum
1071 1123 1292 1187 omnia
1321 1119 1547 1185 edulia
1564 1121 2021 1197 congeruntur.

520 1228 931 1293 Conlucare‘
958 1227 1294 1302 dicebant,
1327 1244 1472 1289 cum
1498 1218 1799 1304 profanae
1827 1219 2035 1301 sylvae
2063 1217 2229 1282 rami
2255 1214 2705 1280 deciderentur

606 1331 965 1395 officientes
991 1328 1247 1392 lumini.

520 1432 975 1519 conquirere,⁰
1021 1429 1353 1495 coercere.

1498 1606 1714 1661 NOTAE

582 1740 607 1773 *Ι
646 1727 889 1792 Conlntt‘a]
925 1727 1060 1778 Latii
1097 1728 1147 1777 in
1191 1728 1273 1776 via
1305 1725 1581 1776 Tiburtina
1657 1723 1715 1773 τὸ
1757 1724 1923 1785 σχῆμα
1964 1724 2051 1782 τῆς
2087 1725 2184 1771 τῶν
2218 1724 2392 1784 νεκρῶν
2431 1719 2704 1784 προθέσεως.

518 1804 761 1868 oppidum
796 1818 955 1868 prope
994 1805 1235 1865 Romarm
1272 1818 1301 1851 a
1323 1816 1423 1865 quo
1461 1801 1576 1850 Col-

518 1883 679 1930 latina
704 1886 878 1943 porta;
916 1880 968 1929 in
1002 1881 1132 1929 colle
1168 1880 1482 1928 hortulorum
1508 1877 1575 1926 ad

1658 1803 1738 1851 Ex
1756 1802 1943 1865 quibus
1958 1800 2246 1849 illustratur
2264 1799 2585 1859 Persiauum,
2607 1796 2622 1822 ‘
2644 1796 2704 1846 In

1658 1884 1857 1940 portam
1877 1877 2066 1940 rigidos
2090 1876 2259 1925 calces
2281 1871 2550 1922 extendis-⁹
2589 1872 2704 1921 Mos

516 1956 972 2025 Septemtrionem‚
1004 1970 1117 2020 quae
1168 1962 1222 2005 et
1255 1956 1507 2004 Pincinria
1544 1968 1576 2004 a
1653 1962 1765 2004 erat
1789 1969 1899 2003 eam
1917 1951 2181 2016 vrpbowwa
2203 1941 2316 2000 filiis
2337 1950 2466 1999 fieri.
2535 1949 2632 1998 Dio
2655 1949 2703 1997 in

518 2032 711 2095 palatio
735 2032 899 2081 Pincii
922 2032 1203 2081 Senatoris.
1237 2032 1389 2081 Idem.

584 2115 601 2140 ¹·
639 2110 938 2158 Conlatinum
971 2108 1277 2173 sacrificium]
1316 2107 1398 2157 Ad
1436 2106 1573 2173 quod

517 2185 702 2247 singuli
735 2183 1089 2247 conferebant,
1111 2186 1281 2249 qualia
1317 2193 1466 2234 eraut
1490 2172 1574 2235 ’sa-

517 2260 711 2311 crificia
734 2276 849 2326 quae
878 2262 1070 2311 Latinis
1094 2261 1237 2311 feriis
1260 2269 1316 2312 et
1337 2263 1572 2327 Pagana·

513 2337 644 2387 libus
667 2338 819 2387 etiam
851 2337 1063 2389 fiebant.
1099 2339 1250 2388 Idem.

579 2422 597 2448 ¹
635 2416 936 2465 Conlatinum
987 2413 1218 2479 ventrem]
1283 2413 1461 2464 Plaut.
1518 2413 1568 2464 ia

513 2494 724 2543 Curcul.
756 2494 875 2544 Ant.
898 2493 1029 2555 Aug.

584 2571 881 2618 Conlatinum
916 2568 1151 2631 ventrem]
1184 2570 1350 2618 Locus
1395 2566 1570 2617 Plauti

512 2653 596 2694 est
619 2645 825 2694 Curcul.
849 2659 910 2696 n.
934 2651 979 2694 1.
1011 2647 1026 2673 ⁸
1050 2647 1154 2698 Qui
1191 2645 1270 2695 hic
1305 2651 1387 2694 est
1420 2646 1569 2694 homo

514 2720 643 2769 Cum
688 2722 935 2771 collativo
983 2731 1163 2772 ventre
1208 2729 1361 2786 atque
1407 2721 1569 2771 oculis

512 2795 714 2845 herbeis
732 2798 765 2843 ἓ·
798 2797 923 2846 Duc.

576 2875 593 2904 ³
628 2875 905 2938 conlucare]
939 2872 1216 2922 Profauam
1254 2874 1450 2937 sylvam
1496 2873 1570 2923 di·

452 2961 457 2966 *
510 2949 623 2998 xit:
659 2952 797 3001 Quia
834 2950 932 3000 luci
966 2950 1101 2999 sacri
1135 2959 1288 2999 eraut
1326 2949 1567 3011 int-aedui,

512 3034 791 3094 propterea
823 3025 899 3092 ita
924 3028 1233 3089 deprecatur
1269 3033 1446 3096 pastor
1480 3027 1569 3075 ilie

513 3100 651 3164 apud
677 3102 926 3152 Ovidium
949 3103 999 3150 in
1024 3116 1170 3150 sacro
1195 3101 1348 3151 Palili
1374 3116 1387 3150 ε
1424 3101 1441 3129 ‘
1464 3100 1570 3151 Seu

510 3191 628 3225 mea
652 3176 757 3226 falx
780 3192 920 3227 ramo
944 3178 1112 3227 lucum
1132 3178 1372 3241 spoliavit
1387 3193 1571 3242 opaco,

511 3252 663 3302 Unde
686 3254 810 3302 data
831 3261 913 3303 est
950 3263 1145 3302 teuerae
1168 3252 1349 3303 fiscina
1371 3252 1570 3303 frondis

510 3327 632 3376 ovi!
698 3329 885 3393 Neque
929 3330 1021 3379 tibi
1062 3330 1310 3394 imponat,
1342 3330 1479 3395 quod
1517 3331 1570 3380 in

509 3402 774 3452 Glossario
811 3406 1031 3468 legiturz
1068 3409 1085 3434 ‘
1112 3406 1428 3469 conlocatis,
1450 3405 1571 3457 εἶδος

509 3477 703 3539 νεκροῦ.’
772 3481 1069 3542 Legendum
1092 3483 1245 3547 enim,
1278 3485 1568 3546 Οοηὶοοαείο,

508 3554 611 3604 ἕδος
651 3559 829 3619 νεκροῦ.
874 3568 988 3607 erat
1042 3568 1216 3608 autem
1249 3560 1571 3610 ‘Conlocare

507 3632 806 3696 mortuum‚’
830 3635 882 3682 iu
905 3635 1067 3698 janua
1104 3651 1317 3701 ponere,
1344 3637 1568 3701 pedibus

506 3707 559 3755 in
585 3709 845 3771 publicum
885 3713 1184 3774 conversis3
1230 3715 1364 3778 quod
1390 3715 1571 3765 Graeci

505 3782 802 3844 προτίθεσθαι
855 3785 1036 3849 νεκρόν.
1116 3788 1330 3839 Persius
1351 3807 1366 3838 ε
1415 3793 1431 3819 ⁸
1458 3800 1571 3840 tan-

506 3858 728 3924 demque
781 3863 1017 3912 beatulus
1074 3864 1181 3913 aito
1237 3865 1570 3928 Compositns

506 3935 665 3997 lecto,
702 3939 991 4001 crassisque
1029 3941 1221 3990 lutatus
1261 3944 1470 3993 amomis
1501 3944 1568 3994 In

509 4019 712 4072 portam
784 4013 977 4076 rigidos
1043 4018 1213 4066 calces
1287 4021 1568 4071 extendis?

507 4085 708 4136 Glossae
734 4088 1197 4143 Grammaticorum
1234 4096 1285 4144 iu
1319 4098 1442 4147 iilud
1461 4099 1570 4147 'nz-

507 4161 615 4211 άδος
636 4170 691 4211 Τ.
713 4163 799 4212 ἀνὰ
820 4167 1042 4230 πρόθυρον
1075 4172 1403 4232 τεθραμμένον.
1427 4177 1491 4224 εἱς
1510 4179 1569 4223 τὸ

508 4239 747 4302 πρόθυρον,
765 4243 1023 4309 inquiunt,
1045 4246 1251 4302 βλέπων.
1274 4253 1457 4302 τοιοῦτο
1475 4254 1572 4316 ’γὰρ

1649 2032 1859 2081 Tiberio
1881 2031 1947 2079 de
1981 2031 2140 2079 Liviae
2173 2041 2417 2077 excessu:
2454 2023 2529 2075 καὶ
2565 2025 2706 2083 αὐτὴν

1653 2110 1680 2157 ὁ
1721 2108 1927 2172 Τιβέριος
1970 2108 2080 2155 οὔτε
2123 2105 2353 2155 νοσοῦσαν
2394 2101 2704 2165 ἐπεσκέψατο,

1650 2187 1758 2235 οὔτε
1791 2185 2115 2236 ἀποθανοῦσαν
2138 2181 2278 2231 αὐτὸς
2295 2179 2531 2244 προέθετο.
2567 2179 2704 2229 Male

1650 2264 1785 2314 enim
1811 2263 1963 2313 bodie
1989 2261 2262 2325 προσέθετο.
2281 2259 2387 2309 Jos.
2413 2257 2543 2307 Scal.

1718 2342 1997 2405 Conlucnre]
2023 2338 2247 2389 Succisis
2263 2336 2528 2385 arboribus
2545 2335 2704 2382 locum

1648 2418 1864 2484 impiere
1882 2419 2016 2480 luce,
2031 2415 2166 2466 infra
2183 2415 2234 2464 in
2259 2416 2274 2444 ‘
2295 2409 2599 2462 sublucare-⁹
2615 2410 2709 2460 Co-

1649 2496 1820 2547 inmei-
1844 2496 2005 2547 libat.
2037 2494 2056 2522 ‘
2080 2494 2263 2558 Neque
2282 2499 2471 2540 terram
2486 2488 2703 2554 aperire,

1649 2588 1819 2638 neque
1860 2572 2093 2621 arborem
2130 2569 2438 2619 conlucare)
2505 2566 2700 2616 Giossae

1650 2652 1981 2701 Graeco·Lat.
1998 2651 2015 2677 ⁴
2035 2646 2308 2709 διακαθαίρω
2323 2643 2523 2708 δένδρον,
2539 2642 2707 2691 coniu-

1651 2727 1750 2777 co.’
1819 2728 2026 2777 Dicitur
2049 2733 2104 2776 et
2123 2728 2138 2754 ⁸
2158 2721 2466 2773 sublucare!
2500 2724 2516 2748 ⁸
2543 2720 2707 2768 luter·

1651 2806 1826 2854 lucare
1846 2804 1860 2826 '
1880 2807 2037 2855 etiam
2063 2804 2196 2852 dixit
2229 2801 2367 2849 Piin.
2393 2800 2489 2847 hoc
2513 2805 2612 2858 est,
2635 2796 2706 2843 lu·

1651 2882 1723 2930 cis
1744 2895 1899 2930 causa
1921 2878 2204 2943 superfluos
2227 2891 2394 2926 ramos
2421 2882 2709 2937 amputare.

1651 2958 1754 3007 Hic
1781 2966 1952 3007 autem
1980 2964 1995 2986 ⁸
2019 2954 2287 3022 profanam
2320 2950 2545 3017 sylvam'
2580 2950 2708 2999 dixit

1652 3036 1855 3097 Festus,
1889 3036 2008 3098 quia
2042 3032 2161 3095 luci,
2187 3032 2282 3081 hoc
2314 3037 2414 3091 est,
2444 3029 2605 3092 syivae
2631 3040 2708 3075 sa-

1652 3125 1779 3168 crae,
1798 3125 1900 3160 non
1924 3110 2260 3160 caedebantur
2281 3108 2381 3157 nisi
2405 3107 2546 3170 prins
2571 3103 2708 3153 facto

1649 3189 1870 3251 piaculo.
1934 3187 2070 3237 Vide
2106 3185 2289 3236 Caton.
2328 3183 2392 3231 de
2415 3183 2476 3232 R.
2506 3182 2567 3231 R.
2592 3195 2709 3244 cap.

1651 3268 1765 3314 130.
1792 3265 1915 3314 Dae.
2077 3293 2080 3296 1

1712 3349 1737 3375 ¹¹
1775 3337 2090 3404 Conquirere]
2118 3338 2420 3402 Legendum
2441 3335 2712 3399 Coinqnire,

1649 3417 1734 3467 vel
1767 3418 2050 3480 Coinquere:
2087 3423 2358 3478 utrumque
2399 3413 2534 3461 euim
2571 3411 2707 3459 vide·

1651 3502 1736 3544 tur
1760 3502 2080 3559 usurpatum,
2102 3495 2117 3520 ‘
2135 3489 2424 3555 Coinquio,'
2449 3499 2504 3538 et
2519 3495 2535 3516 “
2557 3489 2710 3537 Coin-

1646 3584 1778 3636 queo
1797 3569 1830 3619 :'
1862 3570 2074 3618 verbum
2090 3567 2278 3617 nemini
2299 3563 2709 3628 hactenus,quod

1648 3654 1792 3710 puto,
1817 3635 2246 3694 animadversum.
2298 3644 2514 3691 Dictum
2540 3647 2710 3689 antem

1648 3722 1813 3771 veteri
1846 3722 2154 3771 distortione
2189 3720 2424 3781 coinquio,
2445 3730 2540 3780 pro
2573 3731 2711 3765 coan-

1647 3796 1784 3860 quio:
1816 3797 2017 3861 anquire
2049 3812 2079 3845 a
2113 3796 2303 3845 Graeco
2339 3793 2530 3856 ἄγχειν,
2557 3809 2585 3841 a
2608 3806 2710 3858 quo

1646 3872 1871 3936 anquina.
1903 3874 2101 3923 Cinna:
2138 3878 2152 3901 ·
2176 3871 2352 3935 Atque
2389 3871 2612 3934 anquina
2635 3877 2712 3918 te·

1646 3957 1738 3999 net
1763 3949 2000 3999 stabilem
2020 3948 2307 3997 firmissima
2329 3945 2574 3995 cursum!
2605 3945 2713 3992 Ve-

1649 4035 1789 4076 teres
1809 4040 1931 4090 ergo
1951 4040 2042 4088 per
2065 4026 2114 4077 Q
2139 4024 2400 4084 dicebant,
2416 4023 2552 4086 quod
2571 4027 2712 4086 post·

1649 4116 1711 4152 ea
1751 4116 1845 4165 per
1869 4103 1952 4152 G:
2005 4116 2120 4150 nam
2147 4100 2371 4161 Anquere
2413 4099 2553 4162 prius
2591 4095 2712 4154 fuit,

1650 4192 1801 4243 quam
1837 4177 2082 4240 Anguere.
2154 4177 2408 4239 Coinquire
2451 4187 2575 4237 ergo
2620 4187 2710 4220 seu

1655 4254 1916 4317 Coinquere
1940 4254 2172 4315 arbores,
2194 4261 2276 4301 est
2310 4252 2574 4313 coercere,
2599 4263 2710 4298 ver·
