<?xml version="1.0" encoding="UTF-8"?>
<!DOCTYPE html PUBLIC "-//W3C//DTD XHTML 1.0 Transitional//EN"
    "http://www.w3.org/TR/xhtml1/DTD/xhtml1-transitional.dtd">
<html xmlns="http://www.w3.org/1999/xhtml" xml:lang="en" lang="en">
 <head>
  <title>
</title>
<meta http-equiv="Content-Type" content="text/html;charset=utf-8" />
  <meta name='ocr-system' content='tesseract 3.04.00' />
  <meta name='ocr-capabilities' content='ocr_page ocr_carea ocr_par ocr_line ocrx_word'/>
</head>
<body>
  <div class='ocr_page' id='page_1' title='image "./mverriiflacciqu03flacgoog_0022.png"; bbox 0 0 3020 4853; ppageno 0'>
   <div class='ocr_carea' id='block_1_1' title="bbox 666 665 2485 1033">
    <p class='ocr_par' dir='ltr' id='par_1_1' title="bbox 666 665 2485 1033">
     <span class='ocr_line' id='line_1_1' title="bbox 666 665 2485 836; baseline -0.004 -46"><span class='ocrx_word' id='word_1_1' title='bbox 666 673 868 790; x_wconf 87' lang='lat' dir='ltr'><strong>M.</strong></span> <span class='ocrx_word' id='word_1_2' title='bbox 975 666 1675 836; x_wconf 73' lang='lat' dir='ltr'><strong>VERRII</strong></span> <span class='ocrx_word' id='word_1_3' title='bbox 1811 665 2485 788; x_wconf 84' lang='lat' dir='ltr'>FLACCI</span> 
     </span>
     <span class='ocr_line' id='line_1_2' title="bbox 705 885 2086 1033; baseline -0.008 3"><span class='ocrx_word' id='word_1_4' title='bbox 705 885 710 891; x_wconf 35' lang='lat'>⁶</span> <span class='ocrx_word' id='word_1_5' title='bbox 1083 938 1395 1033; x_wconf 82' lang='lat' dir='ltr'><strong>QUAE</strong></span> <span class='ocrx_word' id='word_1_6' title='bbox 1498 935 2086 1028; x_wconf 83' lang='lat' dir='ltr'><strong>EXTANT.</strong></span> 
     </span>
    </p>
   </div>
   <div class='ocr_carea' id='block_1_2' title="bbox 1062 1389 2112 1473">
    <p class='ocr_par' dir='ltr' id='par_1_2' title="bbox 1062 1389 2112 1473">
     <span class='ocr_line' id='line_1_3' title="bbox 1062 1389 2112 1473; baseline -0.007 -2"><span class='ocrx_word' id='word_1_7' title='bbox 1062 1396 1188 1471; x_wconf 89' lang='lat' dir='ltr'><strong>M.</strong></span> <span class='ocrx_word' id='word_1_8' title='bbox 1272 1391 1651 1473; x_wconf 84' lang='lat' dir='ltr'><strong>VERRII</strong></span> <span class='ocrx_word' id='word_1_9' title='bbox 1734 1389 2112 1468; x_wconf 85' lang='lat' dir='ltr'><strong>FLACCI</strong></span> 
     </span>
    </p>
   </div>
   <div class='ocr_carea' id='block_1_3' title="bbox 844 1601 2332 1676">
    <p class='ocr_par' dir='ltr' id='par_1_3' title="bbox 844 1601 2332 1676">
     <span class='ocr_line' id='line_1_4' title="bbox 844 1601 2332 1676; baseline -0.003 -2"><span class='ocrx_word' id='word_1_10' title='bbox 844 1607 1195 1676; x_wconf 90' lang='lat' dir='ltr'>RERUM</span> <span class='ocrx_word' id='word_1_11' title='bbox 1262 1605 1732 1672; x_wconf 86' lang='lat' dir='ltr'>MEMORIA</span> <span class='ocrx_word' id='word_1_12' title='bbox 1790 1601 2332 1672; x_wconf 85' lang='lat' dir='ltr'><strong>DIGNARUM</strong></span> 
     </span>
    </p>
   </div>
   <div class='ocr_carea' id='block_1_4' title="bbox 1422 1827 1740 1894">
    <p class='ocr_par' dir='ltr' id='par_1_4' title="bbox 1422 1827 1740 1894">
     <span class='ocr_line' id='line_1_5' title="bbox 1422 1827 1740 1894; baseline 0 -2"><span class='ocrx_word' id='word_1_13' title='bbox 1422 1827 1607 1894; x_wconf 88' lang='lat' dir='ltr'><strong>LIB.</strong></span> <span class='ocrx_word' id='word_1_14' title='bbox 1680 1828 1740 1894; x_wconf 91' lang='grc' dir='ltr'><strong>Ι.</strong></span> 
     </span>
    </p>
   </div>
   <div class='ocr_carea' id='block_1_5' title="bbox 461 2000 2678 3857">
    <p class='ocr_par' dir='ltr' id='par_1_5' title="bbox 461 2000 2678 3857">
     <span class='ocr_line' id='line_1_6' title="bbox 476 2000 2677 2099; baseline -0.002 -9"><span class='ocrx_word' id='word_1_15' title='bbox 476 2000 859 2090; x_wconf 68' lang='lat' dir='ltr'><strong>Venulus</strong></span> <span class='ocrx_word' id='word_1_16' title='bbox 884 2023 1016 2089; x_wconf 88' lang='lat' dir='ltr'><strong>hoc</strong></span> <span class='ocrx_word' id='word_1_17' title='bbox 1046 2024 1216 2087; x_wconf 89' lang='lat' dir='ltr'><strong>libro</strong></span> <span class='ocrx_word' id='word_1_18' title='bbox 1236 2022 1450 2099; x_wconf 83' lang='lat' dir='ltr'><strong>refert,</strong></span> <span class='ocrx_word' id='word_1_19' title='bbox 1476 2042 1594 2088; x_wconf 91' lang='lat' dir='ltr'><strong>cur</strong></span> <span class='ocrx_word' id='word_1_20' title='bbox 1623 2022 1879 2088; x_wconf 88' lang='lat' dir='ltr'><strong>dicatur</strong></span> <span class='ocrx_word' id='word_1_21' title='bbox 1907 2042 2144 2087; x_wconf 86' lang='lat' dir='ltr'><strong>versus</strong></span> <span class='ocrx_word' id='word_1_22' title='bbox 2174 2021 2287 2085; x_wconf 92' lang='lat' dir='ltr'><strong>ille</strong></span> <span class='ocrx_word' id='word_1_23' title='bbox 2311 2039 2402 2084; x_wconf 81' lang='lat' dir='ltr'><strong>ex</strong></span> <span class='ocrx_word' id='word_1_24' title='bbox 2429 2020 2677 2085; x_wconf 88' lang='lat' dir='ltr'><strong>Hesio·</strong></span> 
     </span>
     <span class='ocr_line' id='line_1_7' title="bbox 477 2123 2678 2210; baseline -0.003 -14"><span class='ocrx_word' id='word_1_25' title='bbox 477 2132 593 2209; x_wconf 94' lang='lat' dir='ltr'><strong>do,</strong></span> <span class='ocrx_word' id='word_1_26' title='bbox 644 2129 904 2194; x_wconf 87' lang='lat' dir='ltr'><strong>Malum</strong></span> <span class='ocrx_word' id='word_1_27' title='bbox 953 2127 1311 2192; x_wconf 89' lang='lat' dir='ltr'><strong>consilium</strong></span> <span class='ocrx_word' id='word_1_28' title='bbox 1376 2127 1737 2191; x_wconf 88' lang='lat' dir='ltr'><strong>consultori</strong></span> <span class='ocrx_word' id='word_1_29' title='bbox 1789 2126 2156 2210; x_wconf 87' lang='lat' dir='ltr'><strong>pessimum</strong></span> <span class='ocrx_word' id='word_1_30' title='bbox 2214 2132 2345 2189; x_wconf 90' lang='lat' dir='ltr'><strong>est.</strong></span> <span class='ocrx_word' id='word_1_31' title='bbox 2433 2123 2678 2189; x_wconf 80' lang='lat' dir='ltr'><strong>Statua</strong></span> 
     </span>
     <span class='ocr_line' id='line_1_8' title="bbox 478 2226 2675 2314; baseline -0.003 -15"><span class='ocrx_word' id='word_1_32' title='bbox 478 2234 724 2299; x_wconf 85' lang='lat' dir='ltr'><strong>Romae</strong></span> <span class='ocrx_word' id='word_1_33' title='bbox 757 2232 825 2296; x_wconf 92' lang='lat' dir='ltr'><strong>in</strong></span> <span class='ocrx_word' id='word_1_34' title='bbox 855 2231 1126 2296; x_wconf 89' lang='lat' dir='ltr'><strong>comitio</strong></span> <span class='ocrx_word' id='word_1_35' title='bbox 1171 2231 1400 2314; x_wconf 86' lang='lat' dir='ltr'><strong>posita</strong></span> <span class='ocrx_word' id='word_1_36' title='bbox 1432 2229 1712 2295; x_wconf 84' lang='lat' dir='ltr'><strong>Horatii</strong></span> <span class='ocrx_word' id='word_1_37' title='bbox 1742 2227 2025 2294; x_wconf 87' lang='lat' dir='ltr'><strong>Coclitis</strong></span> <span class='ocrx_word' id='word_1_38' title='bbox 2056 2226 2401 2292; x_wconf 83' lang='lat' dir='ltr'><strong>fortissimi</strong></span> <span class='ocrx_word' id='word_1_39' title='bbox 2432 2227 2558 2292; x_wconf 88' lang='lat' dir='ltr'><strong>viri</strong></span> <span class='ocrx_word' id='word_1_40' title='bbox 2588 2226 2675 2292; x_wconf 92' lang='lat' dir='ltr'><strong>de</strong></span> 
     </span>
     <span class='ocr_line' id='line_1_9' title="bbox 480 2318 2674 2416; baseline -0.005 -13"><span class='ocrx_word' id='word_1_41' title='bbox 480 2337 660 2403; x_wconf 89' lang='lat' dir='ltr'><strong>coelo</strong></span> <span class='ocrx_word' id='word_1_42' title='bbox 688 2340 865 2399; x_wconf 84' lang='lat' dir='ltr'><strong>tacta</strong></span> <span class='ocrx_word' id='word_1_43' title='bbox 893 2340 1018 2399; x_wconf 87' lang='lat' dir='ltr'><strong>est.</strong></span> <span class='ocrx_word' id='word_1_44' title='bbox 1107 2331 1217 2397; x_wconf 92' lang='lat' dir='ltr'><strong>Ob</strong></span> <span class='ocrx_word' id='word_1_45' title='bbox 1246 2333 1315 2399; x_wconf 92' lang='lat' dir='ltr'><strong>id</strong></span> <span class='ocrx_word' id='word_1_46' title='bbox 1353 2331 1571 2416; x_wconf 80' lang='lat' dir='ltr'><strong>fulgur</strong></span> <span class='ocrx_word' id='word_1_47' title='bbox 1598 2318 1884 2416; x_wconf 80' lang='lat' dir='ltr'><strong>piaculis</strong></span> <span class='ocrx_word' id='word_1_48' title='bbox 1918 2330 2240 2397; x_wconf 92' lang='lat' dir='ltr'><strong>luendum</strong></span> <span class='ocrx_word' id='word_1_49' title='bbox 2273 2328 2674 2412; x_wconf 90' lang='lat' dir='ltr'><strong>haruspices</strong></span> 
     </span>
     <span class='ocr_line' id='line_1_10' title="bbox 473 2432 2674 2521; baseline -0.004 -16"><span class='ocrx_word' id='word_1_50' title='bbox 473 2460 561 2505; x_wconf 86' lang='lat' dir='ltr'><strong>ex</strong></span> <span class='ocrx_word' id='word_1_51' title='bbox 594 2439 857 2505; x_wconf 86' lang='lat' dir='ltr'><strong>Etruria</strong></span> <span class='ocrx_word' id='word_1_52' title='bbox 886 2437 1115 2517; x_wconf 82' lang='lat' dir='ltr'><strong>acciti,</strong></span> <span class='ocrx_word' id='word_1_53' title='bbox 1145 2438 1421 2503; x_wconf 91' lang='lat' dir='ltr'><strong>inimico</strong></span> <span class='ocrx_word' id='word_1_54' title='bbox 1454 2446 1656 2521; x_wconf 90' lang='lat' dir='ltr'><strong>atque</strong></span> <span class='ocrx_word' id='word_1_55' title='bbox 1700 2435 1931 2503; x_wconf 88' lang='lat' dir='ltr'><strong>hostili</strong></span> <span class='ocrx_word' id='word_1_56' title='bbox 1960 2436 2030 2500; x_wconf 92' lang='lat' dir='ltr'><strong>in</strong></span> <span class='ocrx_word' id='word_1_57' title='bbox 2059 2434 2385 2519; x_wconf 87' lang='lat' dir='ltr'><strong>populum</strong></span> <span class='ocrx_word' id='word_1_58' title='bbox 2415 2432 2674 2498; x_wconf 87' lang='lat' dir='ltr'><strong>Roma-</strong></span> 
     </span>
     <span class='ocr_line' id='line_1_11' title="bbox 470 2536 2672 2630; baseline -0.003 -24"><span class='ocrx_word' id='word_1_59' title='bbox 470 2562 631 2606; x_wconf 87' lang='lat' dir='ltr'><strong>num</strong></span> <span class='ocrx_word' id='word_1_60' title='bbox 675 2542 926 2619; x_wconf 90' lang='lat' dir='ltr'><strong>animo,</strong></span> <span class='ocrx_word' id='word_1_61' title='bbox 978 2542 1404 2606; x_wconf 85' lang='lat' dir='ltr'><strong>instituerant</strong></span> <span class='ocrx_word' id='word_1_62' title='bbox 1446 2561 1597 2606; x_wconf 89' lang='lat' dir='ltr'><strong>earn</strong></span> <span class='ocrx_word' id='word_1_63' title='bbox 1649 2560 1789 2607; x_wconf 91' lang='lat' dir='ltr'><strong>rem</strong></span> <span class='ocrx_word' id='word_1_64' title='bbox 1833 2539 2190 2630; x_wconf 77' lang='lat' dir='ltr'><strong>contrariis</strong></span> <span class='ocrx_word' id='word_1_65' title='bbox 2243 2536 2672 2621; x_wconf 78' lang='lat' dir='ltr'><strong>religionibus</strong></span> 
     </span>
     <span class='ocr_line' id='line_1_12' title="bbox 470 2640 2675 2729; baseline -0.002 -21"><span class='ocrx_word' id='word_1_66' title='bbox 470 2661 851 2729; x_wconf 87' lang='lat' dir='ltr'><strong>procurare.</strong></span> <span class='ocrx_word' id='word_1_67' title='bbox 938 2640 1166 2726; x_wconf 82' lang='lat' dir='ltr'><strong>Atque</strong></span> <span class='ocrx_word' id='word_1_68' title='bbox 1215 2642 1396 2706; x_wconf 87' lang='lat' dir='ltr'><strong>illam</strong></span> <span class='ocrx_word' id='word_1_69' title='bbox 1445 2647 1740 2708; x_wconf 86' lang='lat' dir='ltr'><strong>statuam</strong></span> <span class='ocrx_word' id='word_1_70' title='bbox 1786 2650 2143 2709; x_wconf 90' lang='lat' dir='ltr'><strong>suaserunt</strong></span> <span class='ocrx_word' id='word_1_71' title='bbox 2186 2642 2256 2706; x_wconf 92' lang='lat' dir='ltr'><strong>in</strong></span> <span class='ocrx_word' id='word_1_72' title='bbox 2295 2641 2675 2707; x_wconf 82' lang='lat' dir='ltr'><strong>inferiorem</strong></span> 
     </span>
     <span class='ocr_line' id='line_1_13' title="bbox 469 2744 2669 2831; baseline -0.003 -18"><span class='ocrx_word' id='word_1_73' title='bbox 469 2749 697 2814; x_wconf 90' lang='lat' dir='ltr'><strong>locum</strong></span> <span class='ocrx_word' id='word_1_74' title='bbox 756 2765 1108 2830; x_wconf 81' lang='lat' dir='ltr'><strong>perperam</strong></span> <span class='ocrx_word' id='word_1_75' title='bbox 1164 2747 1534 2830; x_wconf 87' lang='lat' dir='ltr'><strong>transponi,</strong></span> <span class='ocrx_word' id='word_1_76' title='bbox 1590 2766 1784 2831; x_wconf 89' lang='lat' dir='ltr'><strong>quem</strong></span> <span class='ocrx_word' id='word_1_77' title='bbox 1846 2746 1968 2811; x_wconf 92' lang='lat' dir='ltr'><strong>Sol</strong></span> <span class='ocrx_word' id='word_1_78' title='bbox 2030 2746 2355 2829; x_wconf 88' lang='lat' dir='ltr'><strong>oppositu</strong></span> <span class='ocrx_word' id='word_1_79' title='bbox 2410 2744 2669 2809; x_wconf 88' lang='lat' dir='ltr'><strong>circum</strong></span> 
     </span>
     <span class='ocr_line' id='line_1_14' title="bbox 468 2844 2672 2935; baseline -0.001 -20"><span class='ocrx_word' id='word_1_80' title='bbox 468 2850 768 2935; x_wconf 89' lang='lat' dir='ltr'><strong>undique</strong></span> <span class='ocrx_word' id='word_1_81' title='bbox 800 2849 1076 2914; x_wconf 85' lang='lat' dir='ltr'><strong>aliarum</strong></span> <span class='ocrx_word' id='word_1_82' title='bbox 1099 2848 1346 2913; x_wconf 86' lang='lat' dir='ltr'><strong>aedium</strong></span> <span class='ocrx_word' id='word_1_83' title='bbox 1371 2867 1714 2931; x_wconf 87' lang='lat' dir='ltr'><strong>nunquam</strong></span> <span class='ocrx_word' id='word_1_84' title='bbox 1741 2847 2128 2913; x_wconf 84' lang='lat' dir='ltr'><strong>illustraret.</strong></span> <span class='ocrx_word' id='word_1_85' title='bbox 2172 2844 2376 2926; x_wconf 87' lang='lat' dir='ltr'><strong>Quod</strong></span> <span class='ocrx_word' id='word_1_86' title='bbox 2402 2865 2556 2911; x_wconf 90' lang='lat' dir='ltr'><strong>cum</strong></span> <span class='ocrx_word' id='word_1_87' title='bbox 2574 2848 2672 2912; x_wconf 90' lang='lat' dir='ltr'><strong>ita</strong></span> 
     </span>
     <span class='ocr_line' id='line_1_15' title="bbox 468 2949 2672 3038; baseline -0 -20"><span class='ocrx_word' id='word_1_88' title='bbox 468 2955 610 3019; x_wconf 88' lang='lat' dir='ltr'><strong>fieri</strong></span> <span class='ocrx_word' id='word_1_89' title='bbox 638 2953 1155 3038; x_wconf 84' lang='lat' dir='ltr'><strong>persuasissent,</strong></span> <span class='ocrx_word' id='word_1_90' title='bbox 1188 2951 1393 3016; x_wconf 87' lang='lat' dir='ltr'><strong>delati</strong></span> <span class='ocrx_word' id='word_1_91' title='bbox 1423 2950 1509 3016; x_wconf 90' lang='lat' dir='ltr'><strong>ad</strong></span> <span class='ocrx_word' id='word_1_92' title='bbox 1542 2952 1895 3035; x_wconf 88' lang='lat' dir='ltr'><strong>populum,</strong></span> <span class='ocrx_word' id='word_1_93' title='bbox 1944 2949 2323 3036; x_wconf 87' lang='lat' dir='ltr'><strong>proditique</strong></span> <span class='ocrx_word' id='word_1_94' title='bbox 2364 2959 2553 3032; x_wconf 81' lang='lat' dir='ltr'><strong>sunt3</strong></span> <span class='ocrx_word' id='word_1_95' title='bbox 2599 2960 2672 3017; x_wconf 89' lang='lat' dir='ltr'><strong>et</strong></span> 
     </span>
     <span class='ocr_line' id='line_1_16' title="bbox 469 3051 2668 3138; baseline -0.001 -16"><span class='ocrx_word' id='word_1_96' title='bbox 469 3077 624 3122; x_wconf 90' lang='lat' dir='ltr'><strong>cum</strong></span> <span class='ocrx_word' id='word_1_97' title='bbox 670 3055 756 3119; x_wconf 89' lang='lat' dir='ltr'><strong>de</strong></span> <span class='ocrx_word' id='word_1_98' title='bbox 796 3051 1075 3138; x_wconf 84' lang='lat' dir='ltr'><strong>perfidia</strong></span> <span class='ocrx_word' id='word_1_99' title='bbox 1102 3053 1397 3119; x_wconf 86' lang='lat' dir='ltr'><strong>confessi</strong></span> <span class='ocrx_word' id='word_1_100' title='bbox 1443 3065 1691 3133; x_wconf 87' lang='lat' dir='ltr'><strong>essent,</strong></span> <span class='ocrx_word' id='word_1_101' title='bbox 1729 3055 1952 3120; x_wconf 88' lang='lat' dir='ltr'><strong>necati</strong></span> <span class='ocrx_word' id='word_1_102' title='bbox 1994 3059 2183 3119; x_wconf 88' lang='lat' dir='ltr'><strong>sunt:</strong></span> <span class='ocrx_word' id='word_1_103' title='bbox 2235 3054 2668 3138; x_wconf 86' lang='lat' dir='ltr'><strong>constititque</strong></span> 
     </span>
     <span class='ocr_line' id='line_1_17' title="bbox 465 3153 2670 3240; baseline -0 -16"><span class='ocrx_word' id='word_1_104' title='bbox 465 3178 617 3224; x_wconf 83' lang='lat' dir='ltr'><strong>eam</strong></span> <span class='ocrx_word' id='word_1_105' title='bbox 673 3163 989 3233; x_wconf 87' lang='lat' dir='ltr'><strong>statuam,</strong></span> <span class='ocrx_word' id='word_1_106' title='bbox 1045 3153 1328 3240; x_wconf 85' lang='lat' dir='ltr'><strong>perinde</strong></span> <span class='ocrx_word' id='word_1_107' title='bbox 1377 3161 1450 3220; x_wconf 90' lang='lat' dir='ltr'><strong>ut</strong></span> <span class='ocrx_word' id='word_1_108' title='bbox 1503 3174 1679 3222; x_wconf 79' lang='lat' dir='ltr'><strong>verae</strong></span> <span class='ocrx_word' id='word_1_109' title='bbox 1729 3157 2036 3221; x_wconf 87' lang='lat' dir='ltr'><strong>rationes</strong></span> <span class='ocrx_word' id='word_1_110' title='bbox 2087 3160 2254 3239; x_wconf 91' lang='lat' dir='ltr'><strong>post</strong></span> <span class='ocrx_word' id='word_1_111' title='bbox 2303 3164 2670 3240; x_wconf 78' lang='lat' dir='ltr'><strong>compertae</strong></span> 
     </span>
     <span class='ocr_line' id='line_1_18' title="bbox 465 3257 2669 3342; baseline 0.001 -18"><span class='ocrx_word' id='word_1_112' title='bbox 465 3259 843 3337; x_wconf 89' lang='lat' dir='ltr'><strong>monebant,</strong></span> <span class='ocrx_word' id='word_1_113' title='bbox 866 3258 938 3320; x_wconf 89' lang='lat' dir='ltr'><strong>in</strong></span> <span class='ocrx_word' id='word_1_114' title='bbox 969 3258 1191 3323; x_wconf 90' lang='lat' dir='ltr'><strong>locum</strong></span> <span class='ocrx_word' id='word_1_115' title='bbox 1215 3258 1470 3324; x_wconf 84' lang='lat' dir='ltr'><strong>editum</strong></span> <span class='ocrx_word' id='word_1_116' title='bbox 1494 3258 2030 3337; x_wconf 86' lang='lat' dir='ltr'><strong>subducendam,</strong></span> <span class='ocrx_word' id='word_1_117' title='bbox 2049 3265 2255 3342; x_wconf 86' lang='lat' dir='ltr'><strong>atque</strong></span> <span class='ocrx_word' id='word_1_118' title='bbox 2281 3257 2385 3323; x_wconf 91' lang='lat' dir='ltr'><strong>ita</strong></span> <span class='ocrx_word' id='word_1_119' title='bbox 2411 3259 2481 3323; x_wconf 89' lang='lat' dir='ltr'><strong>in</strong></span> <span class='ocrx_word' id='word_1_120' title='bbox 2510 3278 2669 3326; x_wconf 87' lang='lat' dir='ltr'><strong>area</strong></span> 
     </span>
     <span class='ocr_line' id='line_1_19' title="bbox 467 3359 2668 3445; baseline 0 -18"><span class='ocrx_word' id='word_1_121' title='bbox 467 3360 766 3428; x_wconf 88' lang='lat' dir='ltr'><strong>Vulcani</strong></span> <span class='ocrx_word' id='word_1_122' title='bbox 794 3359 1162 3424; x_wconf 86' lang='lat' dir='ltr'><strong>sublimiori</strong></span> <span class='ocrx_word' id='word_1_123' title='bbox 1207 3360 1358 3424; x_wconf 90' lang='lat' dir='ltr'><strong>loco</strong></span> <span class='ocrx_word' id='word_1_124' title='bbox 1404 3361 1848 3427; x_wconf 87' lang='lat' dir='ltr'><strong>statuendam.</strong></span> <span class='ocrx_word' id='word_1_125' title='bbox 1939 3361 2051 3426; x_wconf 85' lang='lat' dir='ltr'><strong>Ex</strong></span> <span class='ocrx_word' id='word_1_126' title='bbox 2095 3380 2236 3445; x_wconf 89' lang='lat' dir='ltr'><strong>qua</strong></span> <span class='ocrx_word' id='word_1_127' title='bbox 2273 3379 2345 3426; x_wconf 86' lang='lat' dir='ltr'><strong>re</strong></span> <span class='ocrx_word' id='word_1_128' title='bbox 2398 3362 2566 3427; x_wconf 87' lang='lat' dir='ltr'><strong>bene</strong></span> <span class='ocrx_word' id='word_1_129' title='bbox 2596 3370 2668 3428; x_wconf 89' lang='lat' dir='ltr'><strong>et</strong></span> 
     </span>
     <span class='ocr_line' id='line_1_20' title="bbox 466 3462 2664 3550; baseline 0.001 -20"><span class='ocrx_word' id='word_1_130' title='bbox 466 3482 789 3550; x_wconf 89' lang='lat' dir='ltr'><strong>prospere</strong></span> <span class='ocrx_word' id='word_1_131' title='bbox 817 3463 986 3546; x_wconf 86' lang='lat' dir='ltr'><strong>reip.</strong></span> <span class='ocrx_word' id='word_1_132' title='bbox 1018 3462 1244 3528; x_wconf 90' lang='lat' dir='ltr'><strong>cessit.</strong></span> <span class='ocrx_word' id='word_1_133' title='bbox 1331 3463 1532 3529; x_wconf 91' lang='lat' dir='ltr'><strong>Tunc</strong></span> <span class='ocrx_word' id='word_1_134' title='bbox 1563 3465 1788 3547; x_wconf 86' lang='lat' dir='ltr'><strong>igitur,</strong></span> <span class='ocrx_word' id='word_1_135' title='bbox 1819 3463 2000 3550; x_wconf 89' lang='lat' dir='ltr'><strong>quod</strong></span> <span class='ocrx_word' id='word_1_136' title='bbox 2055 3463 2126 3528; x_wconf 91' lang='lat' dir='ltr'><strong>in</strong></span> <span class='ocrx_word' id='word_1_137' title='bbox 2171 3463 2497 3530; x_wconf 85' lang='lat' dir='ltr'><strong>Etruscos</strong></span> <span class='ocrx_word' id='word_1_138' title='bbox 2541 3466 2664 3532; x_wconf 90' lang='lat' dir='ltr'><strong>ha·</strong></span> 
     </span>
     <span class='ocr_line' id='line_1_21' title="bbox 465 3565 2664 3653; baseline 0 -20"><span class='ocrx_word' id='word_1_139' title='bbox 465 3569 767 3652; x_wconf 85' lang='lat' dir='ltr'><strong>ruspices</strong></span> <span class='ocrx_word' id='word_1_140' title='bbox 816 3565 992 3630; x_wconf 86' lang='lat' dir='ltr'><strong>male</strong></span> <span class='ocrx_word' id='word_1_141' title='bbox 1044 3566 1472 3632; x_wconf 87' lang='lat' dir='ltr'><strong>consulentes</strong></span> <span class='ocrx_word' id='word_1_142' title='bbox 1523 3569 2059 3635; x_wconf 84' lang='lat' dir='ltr'><strong>animadversum</strong></span> <span class='ocrx_word' id='word_1_143' title='bbox 2120 3567 2664 3653; x_wconf 86' lang='lat' dir='ltr'><strong>vindicatumque</strong></span> 
     </span>
     <span class='ocr_line' id='line_1_22' title="bbox 461 3667 2664 3755; baseline 0.002 -21"><span class='ocrx_word' id='word_1_144' title='bbox 461 3671 706 3749; x_wconf 83' lang='lat' dir='ltr'><strong>fuerat,</strong></span> <span class='ocrx_word' id='word_1_145' title='bbox 753 3688 989 3735; x_wconf 82' lang='lat' dir='ltr'><strong>versus</strong></span> <span class='ocrx_word' id='word_1_146' title='bbox 1017 3667 1127 3733; x_wconf 93' lang='lat' dir='ltr'><strong>hic</strong></span> <span class='ocrx_word' id='word_1_147' title='bbox 1160 3670 1459 3736; x_wconf 86' lang='lat' dir='ltr'><strong>senarius</strong></span> <span class='ocrx_word' id='word_1_148' title='bbox 1501 3672 1672 3737; x_wconf 87' lang='lat' dir='ltr'><strong>scite</strong></span> <span class='ocrx_word' id='word_1_149' title='bbox 1717 3671 1935 3739; x_wconf 80' lang='lat' dir='ltr'><strong>factus</strong></span> <span class='ocrx_word' id='word_1_150' title='bbox 1965 3676 2407 3755; x_wconf 81' lang='lat' dir='ltr'><strong>cantatusque</strong></span> <span class='ocrx_word' id='word_1_151' title='bbox 2438 3689 2589 3737; x_wconf 85' lang='lat' dir='ltr'><strong>esse</strong></span> <span class='ocrx_word' id='word_1_152' title='bbox 2620 3692 2664 3739; x_wconf 88' lang='lat' dir='ltr'><strong>a</strong></span> 
     </span>
     <span class='ocr_line' id='line_1_23' title="bbox 464 3771 1328 3857; baseline -0.001 -19"><span class='ocrx_word' id='word_1_153' title='bbox 464 3774 686 3857; x_wconf 90' lang='lat' dir='ltr'><strong>pueris</strong></span> <span class='ocrx_word' id='word_1_154' title='bbox 714 3773 874 3837; x_wconf 90' lang='lat' dir='ltr'><strong>urbe</strong></span> <span class='ocrx_word' id='word_1_155' title='bbox 900 3777 1045 3837; x_wconf 87' lang='lat' dir='ltr'><strong>tota</strong></span> <span class='ocrx_word' id='word_1_156' title='bbox 1073 3771 1237 3836; x_wconf 87' lang='lat' dir='ltr'><strong>sertu</strong></span> <span class='ocrx_word' id='word_1_157' title='bbox 1247 3781 1328 3838; x_wconf 79' lang='lat' dir='ltr'><strong>r.⁸</strong></span> 
     </span>
    </p>
   </div>
   <div class='ocr_carea' id='block_1_6' title="bbox 1093 4010 1800 4077">
    <p class='ocr_par' dir='ltr' id='par_1_6' title="bbox 1093 4010 1800 4077">
     <span class='ocr_line' id='line_1_24' title="bbox 1093 4010 1800 4077; baseline 0 -16"><span class='ocrx_word' id='word_1_158' title='bbox 1093 4018 1114 4044; x_wconf 78' lang='lat'>⁸</span> <span class='ocrx_word' id='word_1_159' title='bbox 1150 4011 1231 4061; x_wconf 81' lang='lat' dir='ltr'><strong>Ex</strong></span> <span class='ocrx_word' id='word_1_160' title='bbox 1253 4010 1374 4063; x_wconf 82' lang='lat' dir='ltr'><strong>Gel.</strong></span> <span class='ocrx_word' id='word_1_161' title='bbox 1400 4010 1488 4061; x_wconf 80' lang='lat' dir='ltr'><strong>lib.</strong></span> <span class='ocrx_word' id='word_1_162' title='bbox 1510 4024 1591 4063; x_wconf 76' lang='lat' dir='ltr'><strong>iv.</strong></span> <span class='ocrx_word' id='word_1_163' title='bbox 1613 4025 1729 4077; x_wconf 69' lang='lat' dir='ltr'><strong>cop.</strong></span> <span class='ocrx_word' id='word_1_164' title='bbox 1752 4017 1800 4061; x_wconf 81' lang='lat'><strong>⁵.</strong></span> 
     </span>
    </p>
   </div>
  </div>
 </body>
</html>
