3020 4853
459 471 463 476 .
554 436 648 482 nn
697 435 1106 512 vssnnonuu
1155 425 1769 486 mammos-mour.
1821 439 1965 489 ms.
2015 439 2124 486 xi.

2296 425 2427 489 385

255 577 539 643 Mancini
591 577 870 644 sanam¹
916 578 1452 664 appellabantur,
1508 580 1692 664 quod
1772 580 2125 645 Mancinus
2183 582 2424 649 habuit

333 683 642 766 insignem
677 683 976 760 domum,
1009 703 1161 768 quae
1194 682 1544 767 publicata
1567 691 1674 750 est
1701 704 1784 750 eo
1812 684 2256 751 interfectam

249 787 678 866 ManducuS‚⁸
738 787 987 871 effigies
1044 790 1111 853 in
1155 809 1409 875 pompa
1459 791 1878 878 antiquorum
1942 792 2110 857 inter
2169 797 2425 861 ceteras

326 890 641 957 ridiculas
681 893 1288 976 formidolosasque
1317 894 1410 957 ire
1441 894 1779 972 solebat‚‘⁵
1807 897 2061 978 magnis
2090 898 2310 977 maliS,
2340 918 2425 964 ac

323 996 451 1061 late
480 996 853 1075 dehiscen8‚
884 1004 953 1060 et
1003 999 1332 1081 ingentem
1356 997 1670 1063 dentibus
1700 998 1995 1063 sonitum
2020 997 2300 1080 facienS,
2341 1002 2426 1067 de

324 1120 454 1183 qua
502 1100 786 1164 Plautus
831 1099 929 1164 ait
968 1100 1039 1164 in
1080 1099 1431 1165 Rudente:
1479 1099 1661 1179 Quid
1711 1102 1778 1165 si·
1816 1101 2045 1185 aliquo
2093 1102 2180 1167 ad
2229 1103 2426 1170 ludos

321 1223 423 1268 me
465 1222 589 1290 pro
632 1199 959 1268 manduco
1002 1203 1265 1269 locem?
1341 1203 1823 1290 Quapropter?
1868 1205 2044 1270 clare
2074 1204 2125 1246 ¹⁶
2171 1210 2425 1292 crepito

325 1306 660 1371 dentibus

250 1409 486 1475 Manes
522 1409 641 1475 Dii
665 1405 686 1444 f
711 1410 797 1475 ab
828 1409 1212 1493 Auguribus
1243 1412 1684 1478 invocantur:
1715 1413 1895 1497 quod
1922 1413 1991 1478 hi
2022 1433 2143 1499 per
2174 1414 2425 1498 [FEST.

1150 1556 1444 1578 evenant
1452 1559 1507 1591 θ’

298 1679 356 1724 13
391 1674 696 1740 Legendum
720 1683 930 1726 monent
950 1676 1090 1727 Scai.
1112 1677 1245 1726 Dae.
1268 1677 1488 1728 Mancini
1509 1679 1703 1740 wate.-
1738 1685 1795 1728 ut
1819 1683 1925 1728 vet.
1951 1678 2168 1729 εει-14
2201 1677 2428 1731 Quidam

238 1748 335 1789 vet.
366 1741 452 1791 lib.
474 1742 615 1806 apud
659 1742 797 1792 Scal.
838 1743 1132 1806 interempto.
1198 1743 1334 1791 Vide
1372 1743 1685 1793 Notas.—-l5
1737 1751 1751 1773 ⁸
1774 1745 1835 1794 L.
1875 1759 1942 1793 m.
1984 1744 2213 1794 Mandaei
2250 1744 2430 1810 effigies

234 1805 284 1852 ³¹⁸
301 1821 464 1872 pomp«

479 1808 785 1872 antiquorum
807 1808 938 1857 inter·
958 1814 1140 1857 ceteras
1160 1807 1846 1874 ridiculas‚formidolosasque
1864 1824 1939 1860 res
1955 1809 2027 1859 ire
2041 1809 2250 1859 solebat!
2285 1808 2431 1859 Fulv.

238 1870 539 1923 Ursum-16
572 1873 636 1922 ln
657 1874 775 1923 loco
799 1872 973 1922 Plauti
995 1873 1200 1939 quidam
1228 1873 1317 1922 tib.
1345 1874 1473 1931 Quia
1490 1877 1573 1938 pol
1592 1877 1739 1926 clare.

1218 2015 1439 2068 NOTAE

291 2117 314 2151 ⁸¹
348 2119 572 2172 Mancini
578 2122 730 2185 sana]
753 2123 917 2172 Vetus
938 2121 1115 2180 editio,
1144 2124 1286 2173 Mun-

228 2195 323 2244 ciuu'
368 2197 555 2258 D'firtu.
624 2198 800 2251 Quare
856 2213 981 2264 ergo
1033 2209 1286 2250 mutatum

230 2275 341 2323 est?
412 2277 583 2337 Tifata
604 2285 724 2327 suut
741 2278 920 2327 iliceto.
985 2279 1070 2328 Ita
1088 2294 1212 2343 ergo
1237 2279 1288 2327 in

227 2364 338 2400 suas
361 2354 533 2412 sedes,
559 2354 696 2404 unde
723 2356 770 2404 vi
804 2354 1009 2419 dejecta
1039 2363 1153 2405 erat
1173 2355 1288 2404 haec

232 2442 343 2490 vox,
368 2433 573 2482 restitui
592 2432 773 2497 jubeo.
802 2433 911 2482 δυσ.
932 2431 1062 2482 Scal.

288 2506 510 2558 Mancini
519 2508 673 2573 sana]
709 2510 876 2573 Lege:
914 2509 1136 2560 Mancini
1157 2508 1290 2571 Tifa-

225 2587 288 2630 ta·
353 2587 438 2636 Sic
461 2601 624 2651 supra
647 2602 740 2652 pro
769 2587 910 2637 Curii
928 2586 1056 2647 fana
1086 2586 1290 2636 restitui

229 2658 365 2710 Curii
419 2664 609 2724 Tifata.
687 2663 860 2714 Tifata
908 2672 1030 2714 sunt
1087 2664 1290 2714 niceta.

225 2735 354 2788 Haee
381 2749 560 2791 autem
588 2748 828 2806 potentes
859 2741 1035 2792 domos
1069 2743 1290 2793 maxime

224 2818 678 2869 commendabant.
747 2819 932 2869 Horat.
958 2818 1065 2870 Od.
1092 2824 1171 2870 to.
1202 2821 1293 2872 tib.

173 2918 178 2927 ·
224 2904 306 2941 m.
344 2894 552 2946 ‘Audis
576 2911 678 2961 quo
712 2897 937 2960 strepitu
968 2897 1151 2961 janus,
1191 2914 1292 2962 quo

224 2983 400 3021 nemus
434 2972 597 3024 Inter
629 2974 811 3036 pulcra
849 2974 1000 3022 situm
1037 2980 1182 3022 tecta
1215 2988 1291 3022 re·

223 3049 418 3113 mugiat
460 3049 716 3101 Ventis?'
785 3050 952 3101 Quem
987 3051 1158 3099 locum
1196 3051 1292 3099 uti·

221 3137 335 3175 nam
360 3142 426 3176 ne
458 3127 729 3190 attigisset
760 3127 838 3177 vir
869 3128 1290 3192 elegantissimus

219 3200 341 3250 Tan.
365 3204 499 3254 Fab.
517 3205 610 3270 qui
635 3204 1018 3254 rescribendum
1036 3219 1152 3253 esse
1171 3219 1292 3253 con·

220 3280 386 3329 tendit
405 3283 742 3346 queisuemus.
803 3282 1009 3346 Nempe
1029 3283 1160 3346 queis
1181 3297 1293 3330 ven-

220 3356 300 3405 tis.
364 3360 507 3409 Nam
541 3359 620 3409 sic
647 3360 746 3408 toci
773 3365 1016 3408 venustas
1058 3359 1212 3423 perit,
1237 3366 1291 3408 et

218 3441 363 3484 sonat
408 3435 614 3501 aliquid
671 3436 805 3501 quod
859 3436 1087 3484 eruditas
1140 3451 1292 3486 aures

220 3512 478 3562 vulnerat.
534 3513 714 3576 Hujus
735 3514 834 3563 loci
861 3514 966 3574 ἑξῆς
991 3524 1130 3563 eratz
1157 3517 1172 3541 ‘
1191 3513 1291 3562 Αιι-

218 3586 293 3636 dis
315 3605 420 3654 quo
456 3591 690 3655 strepitu
721 3591 901 3655 janua,
933 3606 1032 3656 qno
1067 3593 1290 3655 strepitu

215 3677 397 3716 nemus
417 3669 687 3731 remugiat
712 3667 913 3718 ventis?
983 3667 1066 3717 Ita
1091 3677 1148 3716 ut
1168 3675 1292 3718 stre-

212 3743 319 3804 pitu
359 3752 417 3793 et
461 3746 708 3807 remugiat
758 3747 929 3796 ventis
982 3756 1291 3809 repetantur

218 3818 312 3868 ἀπὸ
344 3824 526 3872 κοινοῦ.
599 3822 773 3888 Atque
797 3824 848 3871 id
874 3838 971 3888 ego
996 3824 1202 3889 quidem
1229 3838 1290 3872 eo

205 3895 441 3949 *libenter
463 3906 520 3947 et
554 3900 787 3948 studiose
822 3916 1024 3958 moneo,
1054 3911 1112 3950 ut
1137 3917 1166 3949 a
1190 3917 1291 3967 quo

216 3974 421 4033 vulnus,
460 3974 533 4022 ab
581 3974 762 4023 eodem
809 3976 1089 4025 remedium
1135 3978 1291 4025 etiam

216 4046 457 4099 videatur
482 4050 719 4099 allatum.
757 4051 900 4101 Nihil
921 4052 1056 4101 euim
1080 4052 1131 4101 in
1150 4052 1291 4101 hisce

213 4124 379 4175 literis
414 4127 813 4178 delicatioribus
844 4144 1071 4194 possum,
1095 4132 1135 4179 si
1176 4145 1293 4195 pos·

214 4216 325 4251 sum
350 4203 571 4269 aliquid,
588 4204 723 4268 quod
751 4220 851 4254 non
872 4207 981 4256 viro
1005 4207 1079 4256 ini
1104 4207 1291 4256 acutis—

213 4281 342 4335 simo
375 4281 596 4346 meique
634 4283 974 4334 amantissimo
1015 4293 1291 4349 acceptum

216 4356 413 4407 debeat
435 4357 653 4409 referri.
685 4360 813 4409 Duc.

349 4439 537 4503 verpa.
560 4443 614 4489 et
641 4440 756 4491 rar.
778 4442 909 4492 ctas.

1154 4445 1326 4509 Pomp.
1353 4445 1485 4499 Fert.

1437 2130 1459 2156 ⁶
1491 2124 1781 2188 Manducus]
1822 2123 1977 2172 Liber
1995 2123 2235 2188 antiquus
2261 2122 2430 2172 Fulvii

1370 2200 1566 2262 Ursini,
1598 2202 1817 2252 manduci
1836 2202 2034 2268 effigies.
2068 2201 2237 2250 Locus
2272 2199 2432 2249 Plau-

1371 2275 1411 2325 ti
1438 2277 1665 2327 Rudent.
1692 2291 1753 2327 n.
1777 2282 1825 2327 6.
1859 2280 1874 2306 ⁸
1892 2277 1997 2327 Cu.
2017 2276 2169 2328 -Qutd
2193 2276 2235 2324 si
2260 2275 2432 2340 aliquo

1371 2352 1434 2402 ad
1480 2352 1630 2402 ludos
1672 2368 1754 2403 me
1799 2368 1891 2418 pro
1934 2353 2186 2402 manduco
2233 2353 2432 2402 locem?
2470 2371 2483 2382 ³

1371 2432 1469 2480 LA.
1504 2431 1872 2497 Quapropter?
1909 2432 2013 2482 Cu.
2039 2432 2177 2483 Quia
2194 2431 2431 2495 potetate

1370 2507 1577 2571 crepito
1632 2506 1912 2557 dentibus!
1984 2508 2139 2557 Hunc
2196 2515 2430 2571 μορμολυ-

1370 2586 1497 2634 κεῖον
1535 2585 1714 2636 Graeci
1757 2592 1959 2636 vocant.
2025 2585 2105 2635 De
2143 2600 2205 2635 eo
2245 2584 2434 2634 iutelli-

1370 2662 1569 2727 gendus
1596 2664 1681 2714 bic
1721 2664 1863 2713 locus
1899 2663 2165 2715 Juvenalis
2199 2664 2307 2713 Sat.
2347 2674 2435 2711 ιιι.

1369 2740 1716 2806 ‘tandemque
1750 2741 1889 2791 redit
1922 2740 1987 2791 ad
2021 2741 2223 2804 pulpita
2254 2746 2434 2789 notum

1374 2818 1654 2881 Exodium,
1708 2833 1824 2868 cum
1892 2833 2125 2883 personae
2192 2816 2433 2881 pallentis

1370 2896 1564 2945 histum
1611 2895 1674 2945 Iu
1727 2896 1920 2960 gremio
1967 2897 2148 2946 matris
2189 2894 2435 2944 formidat

1371 2976 1593 3025 rusticus
1638 2974 1840 3025 infans!
1898 2975 2043 3028 ,Vide
2075 2972 2338 3026 ‘Citeria’
2380 2981 2435 3023 et

1367 3053 1383 3081 ⁸
1408 3051 1661 3101 Petreia!
1693 3052 1845 3101 Idem.

1434 3126 1452 3162 ¹
1483 3130 1651 3178 Manes
1674 3129 1789 3192 Dii]
1816 3129 1954 3178 Festi
1977 3128 2137 3178 verba
2162 3126 2344 3176 mutila
2367 3141 2432 3176 ex

1372 3207 1523 3256 Pauli
1549 3207 1775 3269 epitome
1811 3207 1990 3255 sarciri
2015 3213 2229 3271 possunt
2253 3206 2434 3270 paucis

1372 3285 1626 3346 exceptis.
1662 3282 1783 3333 Ant.
1807 3286 1941 3345 Aug.

1439 3362 1610 3411 Manes
1623 3359 1734 3423 Dii]
1748 3361 1929 3410 Manes
1949 3375 1978 3408 a
1994 3374 2149 3422 mano,
2167 3361 2200 3408 i.
2213 3375 2258 3409 e.
2271 3359 2405 3409 bono
2421 3376 2434 3420 ;

1372 3439 1506 3504 qnod
1536 3438 1643 3487 boni
1667 3439 1787 3489 sint.
1856 3438 1960 3487 Atii
1989 3452 2080 3501 per
2103 3438 2435 3501 antiphrasim

1375 3517 1494 3581 quia
1517 3516 1759 3564 immanes.
1811 3515 1966 3564 Prior
1983 3516 2254 3564 sententiae
2278 3513 2437 3572 favet,

1373 3593 1507 3658 quod
1546 3594 1577 3641 ii
1611 3593 1813 3642 Graecis
1847 3589 2080 3654 χρηστοίι
2117 3592 2150 3639 i.
2181 3589 2434 3639 honidicti

1373 3681 1512 3721 suut.
1582 3673 1649 3721 Et
1674 3687 1831 3720 manes
1858 3674 2029 3733 lingua
2046 3671 2319 3717 Sacrorum
2342 3676 2435 3731 pro

1371 3750 1520 3809 mani,
1556 3758 1617 3798 ut
1652 3752 1666 3775 ⁸
1690 3748 1892 3797 sacres'
1933 3763 2026 3810 pro
2067 3748 2081 3773 ‘
2109 3745 2281 3809 sacri,’
2318 3744 2435 3807 ‘pa-

1373 3826 1591 3887 trimes,¹
1637 3824 1973 3886 ‘matrimes,'
2021 3838 2113 3886 pro
2157 3821 2437 3886 ‘patrimi,’

1371 3901 1663 3959 ‘matrimi‚'
1700 3898 1753 3951 ἐι
1791 3902 1888 3950 alia
1912 3902 2089 3951 multa.
2158 3901 2324 3950 Porro
2350 3902 2436 3964 qui

1376 3979 1585 4041 proprie
1629 3978 1801 4026 Manes
1846 3977 1976 4025 dicti
2013 3974 2207 4025 fuerint
2253 3982 2439 4037 inagna

1373 4057 1513 4104 iuter
1536 4055 1761 4103 eruditos
1793 4053 2012 4118 quaestio
2033 4052 2133 4102 fuit
2154 4070 2168 4114 ;
2206 4054 2318 4101 aliis
2340 4054 2441 4101 alia

1374 4131 1805 4182 existimantibus.
1879 4132 1960 4180 De
1986 4130 2047 4180 iis
2079 4132 2240 4179 multa
2264 4130 2441 4193 Plato,

1373 4212 1632 4275 Plotinus,
1670 4210 2007 4275 Porphyrius,
2036 4210 2272 4274 Procius,
2292 4208 2436 4272 Apu·

1373 4289 1521 4351 letus,
1563 4293 1661 4338 διο.
1731 4286 2025 4338 Notandum
2082 4292 2255 4335 autem
2312 4285 2433 4333 illud

1373 4365 1532 4415 Melae
1559 4365 1645 4416 tib.
1677 4380 1715 4415 ι.
1748 4364 1764 4392 ‘
1786 4362 2028 4429 Augilae,'
2065 4362 2254 4427 inquit,
2287 4364 2301 4388 ⁸
2325 4361 2435 4409 Ma·

2195 4447 2225 4491 2
2261 4443 2304 4490 Β
