<?xml version="1.0" encoding="UTF-8"?>
<!DOCTYPE html PUBLIC "-//W3C//DTD XHTML 1.0 Transitional//EN"
    "http://www.w3.org/TR/xhtml1/DTD/xhtml1-transitional.dtd">
<html xmlns="http://www.w3.org/1999/xhtml" xml:lang="en" lang="en">
 <head>
  <title>
</title>
<meta http-equiv="Content-Type" content="text/html;charset=utf-8" />
  <meta name='ocr-system' content='tesseract 3.04.00' />
  <meta name='ocr-capabilities' content='ocr_page ocr_carea ocr_par ocr_line ocrx_word'/>
</head>
<body>
  <div class='ocr_page' id='page_1' title='image "./mverriiflacciqu03flacgoog_0380.png"; bbox 0 0 3020 4853; ppageno 0'>
   <div class='ocr_carea' id='block_1_1' title="bbox 617 383 750 452">
    <p class='ocr_par' dir='ltr' id='par_1_1' title="bbox 617 383 750 452">
     <span class='ocr_line' id='line_1_1' title="bbox 617 383 750 452; baseline -0.03 1"><span class='ocrx_word' id='word_1_1' title='bbox 617 383 750 452; x_wconf 76' lang='lat'><strong>370</strong></span> 
     </span>
    </p>
   </div>
   <div class='ocr_carea' id='block_1_2' title="bbox 1267 393 2115 447">
    <p class='ocr_par' dir='ltr' id='par_1_2' title="bbox 1267 393 2115 447">
     <span class='ocr_line' id='line_1_2' title="bbox 1267 393 2115 447; baseline -0.005 0"><span class='ocrx_word' id='word_1_2' title='bbox 1267 393 1498 447; x_wconf 77' lang='lat' dir='ltr'><strong>813le</strong></span> <span class='ocrx_word' id='word_1_3' title='bbox 1548 394 1695 445; x_wconf 72' lang='lat' dir='ltr'><strong>Pon</strong></span> <span class='ocrx_word' id='word_1_4' title='bbox 1708 393 1856 444; x_wconf 64' lang='lat'><strong>9811</strong></span> <span class='ocrx_word' id='word_1_5' title='bbox 1905 393 2115 444; x_wconf 68' lang='lat' dir='ltr'>FBS&#39;H</span> 
     </span>
    </p>
   </div>
   <div class='ocr_carea' id='block_1_3' title="bbox 624 535 2791 838">
    <p class='ocr_par' dir='ltr' id='par_1_3' title="bbox 624 535 2791 838">
     <span class='ocr_line' id='line_1_3' title="bbox 624 535 2788 629; baseline -0.007 -16"><span class='ocrx_word' id='word_1_6' title='bbox 624 542 887 629; x_wconf 79' lang='lat' dir='ltr'><strong>Magisi</strong></span> <span class='ocrx_word' id='word_1_7' title='bbox 925 563 970 610; x_wconf 92' lang='lat' dir='ltr'><strong>a</strong></span> <span class='ocrx_word' id='word_1_8' title='bbox 996 543 1245 610; x_wconf 65' lang='lat' dir='ltr'><strong>Graeco</strong></span> <span class='ocrx_word' id='word_1_9' title='bbox 1272 547 1501 626; x_wconf 74' lang='grc' dir='ltr'><strong>μᾶλλον</strong></span> <span class='ocrx_word' id='word_1_10' title='bbox 1531 539 1751 608; x_wconf 82' lang='lat' dir='ltr'><strong>veuit:</strong></span> <span class='ocrx_word' id='word_1_11' title='bbox 1797 538 2064 626; x_wconf 81' lang='lat' dir='ltr'><strong><em>antiqui,</em></strong></span> <span class='ocrx_word' id='word_1_12' title='bbox 2102 536 2209 603; x_wconf 75' lang='lat' dir='ltr'><strong>sed</strong></span> <span class='ocrx_word' id='word_1_13' title='bbox 2249 535 2409 602; x_wconf 79' lang='lat' dir='ltr'><strong>alias</strong></span> <span class='ocrx_word' id='word_1_14' title='bbox 2450 535 2788 622; x_wconf 74' lang='lat' dir='ltr'><strong>[FsssruS.</strong></span> 
     </span>
     <span class='ocr_line' id='line_1_4' title="bbox 706 639 2791 734; baseline -0.004 -20"><span class='ocrx_word' id='word_1_15' title='bbox 706 647 903 734; x_wconf 83' lang='lat' dir='ltr'><strong>magis</strong></span> <span class='ocrx_word' id='word_1_16' title='bbox 929 648 1299 734; x_wconf 79' lang='lat' dir='ltr'><strong>magistrare</strong></span> <span class='ocrx_word' id='word_1_17' title='bbox 1315 669 1437 732; x_wconf 82' lang='lat' dir='ltr'><strong>pro</strong></span> <span class='ocrx_word' id='word_1_18' title='bbox 1465 667 1694 734; x_wconf 85' lang='lat' dir='ltr'><strong>regere,</strong></span> <span class='ocrx_word' id='word_1_19' title='bbox 1738 655 1798 708; x_wconf 85' lang='lat' dir='ltr'><strong>et</strong></span> <span class='ocrx_word' id='word_1_20' title='bbox 1827 648 2197 728; x_wconf 87' lang='lat' dir='ltr'><strong>temperare</strong></span> <span class='ocrx_word' id='word_1_21' title='bbox 2245 639 2535 708; x_wconf 79' lang='lat' dir='ltr'><strong>dicebant</strong></span> <span class='ocrx_word' id='word_1_22' title='bbox 2555 664 2574 703; x_wconf 91' lang='lat'><strong>.·</strong></span> <span class='ocrx_word' id='word_1_23' title='bbox 2596 649 2625 688; x_wconf 83' lang='grc'><strong>4</strong></span> <span class='ocrx_word' id='word_1_24' title='bbox 2661 661 2791 706; x_wconf 84' lang='lat' dir='ltr'><strong>ma-</strong></span> 
     </span>
     <span class='ocr_line' id='line_1_5' title="bbox 710 748 1917 838; baseline -0.009 -19"><span class='ocrx_word' id='word_1_25' title='bbox 710 748 1074 838; x_wconf 79' lang='lat' dir='ltr'><strong>gisterare‚¹‘</strong></span> <span class='ocrx_word' id='word_1_26' title='bbox 1100 752 1623 838; x_wconf 81' lang='lat' dir='ltr'><strong>quidamponunt</strong></span> <span class='ocrx_word' id='word_1_27' title='bbox 1648 770 1786 834; x_wconf 82' lang='lat' dir='ltr'><strong>pro.</strong></span> <span class='ocrx_word' id='word_1_28' title='bbox 1815 796 1831 811; x_wconf 92' lang='lat'><strong>.</strong></span> <span class='ocrx_word' id='word_1_29' title='bbox 1854 798 1873 815; x_wconf 89' lang='lat'><strong>.</strong></span> <span class='ocrx_word' id='word_1_30' title='bbox 1899 790 1917 808; x_wconf 89' lang='lat'><strong>.</strong></span> 
     </span>
    </p>
   </div>
   <div class='ocr_carea' id='block_1_4' title="bbox 622 852 2226 944">
    <p class='ocr_par' dir='ltr' id='par_1_4' title="bbox 622 852 2226 944">
     <span class='ocr_line' id='line_1_6' title="bbox 622 852 2226 944; baseline -0.006 -20"><span class='ocrx_word' id='word_1_31' title='bbox 622 852 1145 944; x_wconf 83' lang='lat' dir='ltr'><strong>Magisterare⁵¹</strong></span> <span class='ocrx_word' id='word_1_32' title='bbox 1207 861 1450 939; x_wconf 83' lang='lat' dir='ltr'><strong>reg‘ere,</strong></span> <span class='ocrx_word' id='word_1_33' title='bbox 1516 861 1584 920; x_wconf 84' lang='lat' dir='ltr'><strong>et</strong></span> <span class='ocrx_word' id='word_1_34' title='bbox 1655 860 2028 936; x_wconf 83' lang='lat' dir='ltr'><strong>temperare</strong></span> <span class='ocrx_word' id='word_1_35' title='bbox 2100 858 2226 916; x_wconf 87' lang='lat' dir='ltr'><strong>est.</strong></span> 
     </span>
    </p>
   </div>
   <div class='ocr_carea' id='block_1_5' title="bbox 2360 848 2791 932">
    <p class='ocr_par' dir='ltr' id='par_1_5' title="bbox 2360 848 2791 932">
     <span class='ocr_line' id='line_1_7' title="bbox 2360 848 2791 932; baseline -0.005 -18"><span class='ocrx_word' id='word_1_36' title='bbox 2360 848 2791 932; x_wconf 64' lang='lat' dir='ltr'><strong>magisterare</strong></span> 
     </span>
    </p>
   </div>
   <div class='ocr_carea' id='block_1_6' title="bbox 630 952 2799 1868">
    <p class='ocr_par' dir='ltr' id='par_1_6' title="bbox 708 952 2799 1355">
     <span class='ocr_line' id='line_1_8' title="bbox 708 952 2793 1043; baseline -0.005 -18"><span class='ocrx_word' id='word_1_37' title='bbox 708 961 1058 1040; x_wconf 83' lang='lat' dir='ltr'><strong>moderari,</strong></span> <span class='ocrx_word' id='word_1_38' title='bbox 1089 959 1264 1025; x_wconf 91' lang='lat' dir='ltr'><strong>unde</strong></span> <span class='ocrx_word' id='word_1_39' title='bbox 1295 958 1595 1043; x_wconf 76' lang='lat' dir='ltr'>magistri</span> <span class='ocrx_word' id='word_1_40' title='bbox 1623 976 1754 1022; x_wconf 90' lang='lat' dir='ltr'><strong>non</strong></span> <span class='ocrx_word' id='word_1_41' title='bbox 1777 957 1989 1022; x_wconf 88' lang='lat' dir='ltr'><strong>solum</strong></span> <span class='ocrx_word' id='word_1_42' title='bbox 2018 956 2329 1022; x_wconf 86' lang='lat' dir='ltr'><strong>doctores</strong></span> <span class='ocrx_word' id='word_1_43' title='bbox 2376 954 2641 1030; x_wconf 85' lang='lat' dir='ltr'><strong>artium,</strong></span> <span class='ocrx_word' id='word_1_44' title='bbox 2687 952 2793 1015; x_wconf 80' lang='lat' dir='ltr'><strong>sed</strong></span> 
     </span>
     <span class='ocr_line' id='line_1_9' title="bbox 708 1055 2795 1148; baseline -0.005 -19"><span class='ocrx_word' id='word_1_45' title='bbox 708 1064 912 1129; x_wconf 88' lang='lat' dir='ltr'><strong>etiam</strong></span> <span class='ocrx_word' id='word_1_46' title='bbox 953 1081 1295 1148; x_wconf 80' lang='lat' dir='ltr'>pagorum,</span> <span class='ocrx_word' id='word_1_47' title='bbox 1328 1064 1745 1138; x_wconf 80' lang='lat' dir='ltr'><strong>societatum,</strong></span> <span class='ocrx_word' id='word_1_48' title='bbox 1796 1059 2121 1137; x_wconf 83' lang='lat' dir='ltr'><strong>vicorum,</strong></span> <span class='ocrx_word' id='word_1_49' title='bbox 2153 1058 2462 1139; x_wconf 85' lang='lat' dir='ltr'><strong>collegio-</strong></span> <span class='ocrx_word' id='word_1_50' title='bbox 2534 1055 2795 1139; x_wconf 63' lang='lat' dir='ltr'><strong>[Pauo.</strong></span> 
     </span>
     <span class='ocr_line' id='line_1_10' title="bbox 708 1160 2793 1250; baseline -0.005 -19"><span class='ocrx_word' id='word_1_51' title='bbox 708 1186 877 1243; x_wconf 87' lang='lat' dir='ltr'><strong>rum,</strong></span> <span class='ocrx_word' id='word_1_52' title='bbox 937 1167 1235 1250; x_wconf 90' lang='lat' dir='ltr'><strong>equitum</strong></span> <span class='ocrx_word' id='word_1_53' title='bbox 1286 1164 1635 1230; x_wconf 87' lang='lat' dir='ltr'><strong>dicuntur:</strong></span> <span class='ocrx_word' id='word_1_54' title='bbox 1683 1163 1841 1247; x_wconf 89' lang='lat' dir='ltr'><strong>quia</strong></span> <span class='ocrx_word' id='word_1_55' title='bbox 1898 1180 2125 1226; x_wconf 85' lang='lat' dir='ltr'><strong>omues</strong></span> <span class='ocrx_word' id='word_1_56' title='bbox 2172 1161 2242 1225; x_wconf 89' lang='lat' dir='ltr'><strong>hi</strong></span> <span class='ocrx_word' id='word_1_57' title='bbox 2298 1160 2511 1243; x_wconf 83' lang='lat' dir='ltr'><strong>magis</strong></span> <span class='ocrx_word' id='word_1_58' title='bbox 2569 1160 2793 1223; x_wconf 85' lang='lat' dir='ltr'><strong>ceteris</strong></span> 
     </span>
     <span class='ocr_line' id='line_1_11' title="bbox 709 1262 2799 1355; baseline -0.004 -21"><span class='ocrx_word' id='word_1_59' title='bbox 709 1274 1035 1355; x_wconf 83' lang='lat' dir='ltr'><strong>possunt:</strong></span> <span class='ocrx_word' id='word_1_60' title='bbox 1079 1268 1255 1334; x_wconf 87' lang='lat' dir='ltr'><strong>uude</strong></span> <span class='ocrx_word' id='word_1_61' title='bbox 1286 1273 1353 1333; x_wconf 88' lang='lat' dir='ltr'><strong>et</strong></span> <span class='ocrx_word' id='word_1_62' title='bbox 1385 1268 1836 1351; x_wconf 81' lang='lat' dir='ltr'><strong>magistratus,</strong></span> <span class='ocrx_word' id='word_1_63' title='bbox 1876 1264 1993 1350; x_wconf 89' lang='lat' dir='ltr'><strong>qui</strong></span> <span class='ocrx_word' id='word_1_64' title='bbox 2033 1283 2151 1349; x_wconf 88' lang='lat' dir='ltr'><strong>per</strong></span> <span class='ocrx_word' id='word_1_65' title='bbox 2194 1263 2475 1346; x_wconf 87' lang='lat' dir='ltr'><strong>imperia</strong></span> <span class='ocrx_word' id='word_1_66' title='bbox 2517 1262 2799 1345; x_wconf 86' lang='lat' dir='ltr'><strong>potenti·</strong></span> 
     </span>
    </p>

    <p class='ocr_par' dir='ltr' id='par_1_7' title="bbox 633 1364 2796 1765">
     <span class='ocr_line' id='line_1_12' title="bbox 633 1364 2796 1457; baseline -0.004 -19"><span class='ocrx_word' id='word_1_67' title='bbox 633 1373 638 1376; x_wconf 82' lang='grc'>’</span> <span class='ocrx_word' id='word_1_68' title='bbox 710 1392 858 1438; x_wconf 88' lang='lat' dir='ltr'><strong>ores</strong></span> <span class='ocrx_word' id='word_1_69' title='bbox 886 1378 1061 1452; x_wconf 86' lang='lat' dir='ltr'><strong>sunt,</strong></span> <span class='ocrx_word' id='word_1_70' title='bbox 1093 1391 1295 1457; x_wconf 88' lang='lat' dir='ltr'><strong>quam</strong></span> <span class='ocrx_word' id='word_1_71' title='bbox 1334 1370 1597 1456; x_wconf 85' lang='lat' dir='ltr'><strong>privati.</strong></span> <span class='ocrx_word' id='word_1_72' title='bbox 1688 1367 1863 1449; x_wconf 60' lang='lat' dir='ltr'><strong>Quae</strong></span> <span class='ocrx_word' id='word_1_73' title='bbox 1908 1387 2047 1433; x_wconf 84' lang='lat' dir='ltr'><strong>vox</strong></span> <span class='ocrx_word' id='word_1_74' title='bbox 2083 1366 2344 1433; x_wconf 88' lang='lat' dir='ltr'><strong>duabus</strong></span> <span class='ocrx_word' id='word_1_75' title='bbox 2375 1364 2796 1449; x_wconf 85' lang='lat' dir='ltr'><strong>significatio-</strong></span> 
     </span>
     <span class='ocr_line' id='line_1_13' title="bbox 709 1470 2795 1559; baseline -0.004 -19"><span class='ocrx_word' id='word_1_76' title='bbox 709 1476 908 1541; x_wconf 84' lang='lat' dir='ltr'>nibus</span> <span class='ocrx_word' id='word_1_77' title='bbox 934 1482 1242 1541; x_wconf 79' lang='lat' dir='ltr'><strong>uotatur=</strong></span> <span class='ocrx_word' id='word_1_78' title='bbox 1280 1493 1429 1539; x_wconf 88' lang='lat' dir='ltr'><strong>nam</strong></span> <span class='ocrx_word' id='word_1_79' title='bbox 1459 1479 1577 1538; x_wconf 89' lang='lat' dir='ltr'><strong>aut</strong></span> <span class='ocrx_word' id='word_1_80' title='bbox 1625 1490 1973 1559; x_wconf 79' lang='lat' dir='ltr'><strong>personam</strong></span> <span class='ocrx_word' id='word_1_81' title='bbox 2006 1472 2228 1553; x_wconf 80' lang='lat' dir='ltr'><strong>ipsam</strong></span> <span class='ocrx_word' id='word_1_82' title='bbox 2270 1470 2700 1542; x_wconf 82' lang='lat' dir='ltr'><strong>demonstrat,</strong></span> <span class='ocrx_word' id='word_1_83' title='bbox 2728 1475 2795 1532; x_wconf 88' lang='lat' dir='ltr'><strong>ut</strong></span> 
     </span>
     <span class='ocr_line' id='line_1_14' title="bbox 713 1573 2796 1661; baseline -0.004 -18"><span class='ocrx_word' id='word_1_84' title='bbox 713 1599 866 1643; x_wconf 90' lang='lat' dir='ltr'><strong>cum</strong></span> <span class='ocrx_word' id='word_1_85' title='bbox 898 1575 1243 1658; x_wconf 73' lang='lat' dir='ltr'><strong>dicimuS,⁶</strong></span> <span class='ocrx_word' id='word_1_86' title='bbox 1276 1576 1717 1661; x_wconf 78' lang='lat' dir='ltr'><strong>Magistratus</strong></span> <span class='ocrx_word' id='word_1_87' title='bbox 1737 1574 1987 1660; x_wconf 85' lang='lat' dir='ltr'><strong>jussit3</strong></span> <span class='ocrx_word' id='word_1_88' title='bbox 2033 1581 2153 1638; x_wconf 90' lang='lat' dir='ltr'><strong>aut</strong></span> <span class='ocrx_word' id='word_1_89' title='bbox 2180 1573 2523 1651; x_wconf 80' lang='lat' dir='ltr'>honorem,</span> <span class='ocrx_word' id='word_1_90' title='bbox 2546 1578 2623 1636; x_wconf 88' lang='lat' dir='ltr'><strong>ut</strong></span> <span class='ocrx_word' id='word_1_91' title='bbox 2655 1591 2796 1635; x_wconf 91' lang='lat' dir='ltr'><strong>cum</strong></span> 
     </span>
     <span class='ocr_line' id='line_1_15' title="bbox 712 1680 2097 1765; baseline -0.004 -19"><span class='ocrx_word' id='word_1_92' title='bbox 712 1682 1021 1760; x_wconf 80' lang='lat' dir='ltr'><strong>dicimuS‚</strong></span> <span class='ocrx_word' id='word_1_93' title='bbox 1049 1681 1237 1746; x_wconf 85' lang='lat' dir='ltr'><strong>Titio</strong></span> <span class='ocrx_word' id='word_1_94' title='bbox 1268 1681 1700 1765; x_wconf 84' lang='lat' dir='ltr'><strong>magistratus</strong></span> <span class='ocrx_word' id='word_1_95' title='bbox 1731 1680 1934 1744; x_wconf 86' lang='lat' dir='ltr'><strong>datus</strong></span> <span class='ocrx_word' id='word_1_96' title='bbox 1966 1687 2097 1742; x_wconf 87' lang='lat' dir='ltr'><strong>est.</strong></span> 
     </span>
    </p>

    <p class='ocr_par' dir='ltr' id='par_1_8' title="bbox 630 1778 2797 1868">
     <span class='ocr_line' id='line_1_16' title="bbox 630 1778 2797 1868; baseline -0.004 -19"><span class='ocrx_word' id='word_1_97' title='bbox 630 1783 1083 1868; x_wconf 84' lang='lat' dir='ltr'><strong>Magisteria†</strong></span> <span class='ocrx_word' id='word_1_98' title='bbox 1106 1783 1413 1850; x_wconf 88' lang='lat' dir='ltr'><strong>dicuntur</strong></span> <span class='ocrx_word' id='word_1_99' title='bbox 1438 1784 1506 1849; x_wconf 90' lang='lat' dir='ltr'><strong>in</strong></span> <span class='ocrx_word' id='word_1_100' title='bbox 1537 1782 1849 1848; x_wconf 87' lang='lat' dir='ltr'><strong>omnibus</strong></span> <span class='ocrx_word' id='word_1_101' title='bbox 1875 1781 2099 1859; x_wconf 86' lang='lat' dir='ltr'><strong>rebus,</strong></span> <span class='ocrx_word' id='word_1_102' title='bbox 2120 1799 2273 1864; x_wconf 80' lang='lat' dir='ltr'><strong>quae</strong></span> <span class='ocrx_word' id='word_1_103' title='bbox 2290 1787 2315 1830; x_wconf 93' lang='lat'>⁷</span> <span class='ocrx_word' id='word_1_104' title='bbox 2344 1778 2559 1862; x_wconf 84' lang='lat' dir='ltr'><strong>magis</strong></span> <span class='ocrx_word' id='word_1_105' title='bbox 2575 1778 2797 1843; x_wconf 87' lang='lat' dir='ltr'><strong>ceteris</strong></span> 
     </span>
    </p>
   </div>
   <div class='ocr_carea' id='block_1_7' title="bbox 1541 1945 1719 1965">
    <p class='ocr_par' dir='ltr' id='par_1_9' title="bbox 1541 1945 1719 1965">
     <span class='ocr_line' id='line_1_17' title="bbox 1541 1945 1719 1965; baseline -0.006 0"><span class='ocrx_word' id='word_1_106' title='bbox 1541 1945 1719 1965; x_wconf 59' lang='lat'><strong>000000</strong></span> 
     </span>
    </p>
   </div>
   <div class='ocr_carea' id='block_1_8' title="bbox 1724 1944 1897 1965">
    <p class='ocr_par' dir='ltr' id='par_1_10' title="bbox 1724 1944 1897 1965">
     <span class='ocr_line' id='line_1_18' title="bbox 1724 1944 1897 1965; baseline -0.006 -1"><span class='ocrx_word' id='word_1_107' title='bbox 1724 1944 1897 1965; x_wconf 60' lang='lat'><strong>000000</strong></span> 
     </span>
    </p>
   </div>
   <div class='ocr_carea' id='block_1_9' title="bbox 629 2029 2798 2165">
    <p class='ocr_par' dir='ltr' id='par_1_11' title="bbox 629 2029 2798 2165">
     <span class='ocr_line' id='line_1_19' title="bbox 692 2029 2797 2109; baseline -0.002 -28"><span class='ocrx_word' id='word_1_108' title='bbox 692 2035 725 2081; x_wconf 78' lang='grc'><strong>4</strong></span> <span class='ocrx_word' id='word_1_109' title='bbox 759 2030 856 2082; x_wconf 76' lang='lat' dir='ltr'><strong>Ed.</strong></span> <span class='ocrx_word' id='word_1_110' title='bbox 879 2031 1013 2082; x_wconf 81' lang='lat' dir='ltr'><strong>scal.</strong></span> <span class='ocrx_word' id='word_1_111' title='bbox 1049 2030 1379 2093; x_wconf 78' lang='lat' dir='ltr'><strong>‘temperare</strong></span> <span class='ocrx_word' id='word_1_112' title='bbox 1402 2032 1621 2083; x_wconf 77' lang='lat' dir='ltr'><strong>dicebant</strong></span> <span class='ocrx_word' id='word_1_113' title='bbox 1641 2046 1837 2090; x_wconf 85' lang='lat' dir='ltr'><strong>errare,</strong></span> <span class='ocrx_word' id='word_1_114' title='bbox 1848 2030 2075 2109; x_wconf 72' lang='lat' dir='ltr'><strong>quida-⁸.</strong></span> <span class='ocrx_word' id='word_1_115' title='bbox 2079 2029 2192 2081; x_wconf 77' lang='lat'><strong>&#39;-6</strong></span> <span class='ocrx_word' id='word_1_116' title='bbox 2226 2030 2348 2080; x_wconf 83' lang='lat' dir='ltr'><strong>Vet.</strong></span> <span class='ocrx_word' id='word_1_117' title='bbox 2373 2030 2465 2079; x_wconf 80' lang='lat' dir='ltr'><strong>lib.</strong></span> <span class='ocrx_word' id='word_1_118' title='bbox 2488 2029 2797 2090; x_wconf 65' lang='lat' dir='ltr'><strong>Magistrum.</strong></span> 
     </span>
     <span class='ocr_line' id='line_1_20' title="bbox 629 2095 2798 2165; baseline -0.002 -19"><span class='ocrx_word' id='word_1_119' title='bbox 629 2103 686 2146; x_wconf 88' lang='lat' dir='ltr'><strong>et</strong></span> <span class='ocrx_word' id='word_1_120' title='bbox 724 2111 841 2147; x_wconf 84' lang='lat' dir='ltr'><strong>mox</strong></span> <span class='ocrx_word' id='word_1_121' title='bbox 884 2098 1090 2165; x_wconf 83' lang='lat' dir='ltr'><strong>quidam</strong></span> <span class='ocrx_word' id='word_1_122' title='bbox 1133 2097 1258 2148; x_wconf 81' lang='lat' dir='ltr'><strong>libb.</strong></span> <span class='ocrx_word' id='word_1_123' title='bbox 1294 2101 1579 2161; x_wconf 67' lang='lat' dir='ltr'><strong>magistrare</strong></span> <span class='ocrx_word' id='word_1_124' title='bbox 1615 2099 1694 2147; x_wconf 81' lang='lat' dir='ltr'><strong>vel</strong></span> <span class='ocrx_word' id='word_1_125' title='bbox 1730 2097 2026 2160; x_wconf 61' lang='lat' dir='ltr'><strong>magistrari.</strong></span> <span class='ocrx_word' id='word_1_126' title='bbox 2029 2102 2126 2147; x_wconf 75' lang='lat'><strong>-6</strong></span> <span class='ocrx_word' id='word_1_127' title='bbox 2160 2098 2322 2147; x_wconf 82' lang='lat' dir='ltr'><strong>Vetus</strong></span> <span class='ocrx_word' id='word_1_128' title='bbox 2357 2097 2490 2146; x_wconf 86' lang='lat' dir='ltr'><strong>liber</strong></span> <span class='ocrx_word' id='word_1_129' title='bbox 2525 2095 2714 2144; x_wconf 73' lang='lat' dir='ltr'><strong>dicitur.</strong></span> <span class='ocrx_word' id='word_1_130' title='bbox 2717 2097 2798 2141; x_wconf 79' lang='grc'><strong>-7</strong></span> 
     </span>
    </p>
   </div>
   <div class='ocr_carea' id='block_1_10' title="bbox 634 2162 839 2228">
    <p class='ocr_par' dir='ltr' id='par_1_12' title="bbox 634 2162 839 2228">
     <span class='ocr_line' id='line_1_21' title="bbox 634 2162 839 2228; baseline -0.016 -15"><span class='ocrx_word' id='word_1_131' title='bbox 634 2162 839 2228; x_wconf 58' lang='lat' dir='ltr'><strong>Atqui.</strong></span> 
     </span>
    </p>
   </div>
   <div class='ocr_carea' id='block_1_11' title="bbox 1618 2279 1830 2331">
    <p class='ocr_par' dir='ltr' id='par_1_13' title="bbox 1618 2279 1830 2331">
     <span class='ocr_line' id='line_1_22' title="bbox 1618 2279 1830 2331; baseline 0.005 -1"><span class='ocrx_word' id='word_1_132' title='bbox 1618 2279 1830 2331; x_wconf 76' lang='lat' dir='ltr'>NOTAE</span> 
     </span>
    </p>
   </div>
   <div class='ocr_carea' id='block_1_12' title="bbox 627 2377 1687 4373">
    <p class='ocr_par' dir='ltr' id='par_1_14' title="bbox 628 2377 1682 2986">
     <span class='ocr_line' id='line_1_23' title="bbox 629 2377 1682 2435; baseline 0 -7"><span class='ocrx_word' id='word_1_133' title='bbox 629 2391 692 2428; x_wconf 88' lang='lat' dir='ltr'><strong>ea</strong></span> <span class='ocrx_word' id='word_1_134' title='bbox 731 2378 845 2428; x_wconf 78' lang='lat' dir='ltr'><strong>Osci</strong></span> <span class='ocrx_word' id='word_1_135' title='bbox 876 2377 1006 2431; x_wconf 84' lang='lat' dir='ltr'><strong>dicti</strong></span> <span class='ocrx_word' id='word_1_136' title='bbox 1038 2385 1174 2434; x_wconf 80' lang='lat' dir='ltr'><strong>suut.</strong></span> <span class='ocrx_word' id='word_1_137' title='bbox 1239 2380 1409 2435; x_wconf 83' lang='lat' dir='ltr'><strong>Quare</strong></span> <span class='ocrx_word' id='word_1_138' title='bbox 1441 2377 1682 2430; x_wconf 84' lang='lat' dir='ltr'><strong>emenda-</strong></span> 
     </span>
     <span class='ocr_line' id='line_1_24' title="bbox 628 2452 1679 2508; baseline -0.002 -2"><span class='ocrx_word' id='word_1_139' title='bbox 628 2452 708 2506; x_wconf 79' lang='lat' dir='ltr'><strong>bis</strong></span> <span class='ocrx_word' id='word_1_140' title='bbox 729 2456 899 2506; x_wconf 85' lang='lat' dir='ltr'><strong>obiter</strong></span> <span class='ocrx_word' id='word_1_141' title='bbox 921 2455 1047 2506; x_wconf 87' lang='lat' dir='ltr'><strong>illud</strong></span> <span class='ocrx_word' id='word_1_142' title='bbox 1084 2456 1248 2508; x_wconf 82' lang='lat' dir='ltr'><strong>Servii</strong></span> <span class='ocrx_word' id='word_1_143' title='bbox 1273 2470 1369 2508; x_wconf 83' lang='lat' dir='ltr'><strong>vn.</strong></span> <span class='ocrx_word' id='word_1_144' title='bbox 1403 2455 1519 2507; x_wconf 78' lang='lat' dir='ltr'><strong>AEu.</strong></span> <span class='ocrx_word' id='word_1_145' title='bbox 1547 2455 1564 2484; x_wconf 76' lang='lat'><strong><em>⁴</em></strong></span> <span class='ocrx_word' id='word_1_146' title='bbox 1586 2456 1679 2505; x_wconf 86' lang='lat' dir='ltr'><strong>Os·</strong></span> 
     </span>
     <span class='ocr_line' id='line_1_25' title="bbox 628 2534 1678 2599; baseline 0.001 -18"><span class='ocrx_word' id='word_1_147' title='bbox 628 2548 872 2597; x_wconf 72' lang='lat' dir='ltr'><strong>corumque</strong></span> <span class='ocrx_word' id='word_1_148' title='bbox 912 2549 1092 2585; x_wconf 74' lang='lat' dir='ltr'><strong>manas.</strong></span> <span class='ocrx_word' id='word_1_149' title='bbox 1178 2536 1476 2599; x_wconf 80' lang='lat' dir='ltr'><strong>Capuenses</strong></span> <span class='ocrx_word' id='word_1_150' title='bbox 1530 2534 1678 2595; x_wconf 79' lang='lat' dir='ltr'><strong>dicit,</strong></span> 
     </span>
     <span class='ocr_line' id='line_1_26' title="bbox 631 2610 1678 2678; baseline 0 -18"><span class='ocrx_word' id='word_1_151' title='bbox 631 2612 717 2678; x_wconf 83' lang='lat' dir='ltr'><strong>qui</strong></span> <span class='ocrx_word' id='word_1_152' title='bbox 735 2620 856 2662; x_wconf 88' lang='lat' dir='ltr'><strong>aute</strong></span> <span class='ocrx_word' id='word_1_153' title='bbox 869 2610 995 2662; x_wconf 79' lang='lat' dir='ltr'><strong>Osci</strong></span> <span class='ocrx_word' id='word_1_154' title='bbox 1012 2613 1261 2678; x_wconf 80' lang='lat' dir='ltr'><strong>appellati</strong></span> <span class='ocrx_word' id='word_1_155' title='bbox 1274 2621 1392 2663; x_wconf 84' lang='lat' dir='ltr'><strong>suut</strong></span> <span class='ocrx_word' id='word_1_156' title='bbox 1397 2612 1556 2677; x_wconf 89' lang='lat' dir='ltr'><strong>,quod</strong></span> <span class='ocrx_word' id='word_1_157' title='bbox 1575 2611 1678 2661; x_wconf 86' lang='lat' dir='ltr'><strong>illic</strong></span> 
     </span>
     <span class='ocr_line' id='line_1_27' title="bbox 628 2687 1678 2755; baseline 0.001 -17"><span class='ocrx_word' id='word_1_158' title='bbox 628 2689 833 2753; x_wconf 81' lang='lat' dir='ltr'><strong>plurimi</strong></span> <span class='ocrx_word' id='word_1_159' title='bbox 858 2689 1185 2742; x_wconf 80' lang='lat' dir='ltr'><strong>abundavere</strong></span> <span class='ocrx_word' id='word_1_160' title='bbox 1208 2698 1495 2755; x_wconf 73' lang='lat' dir='ltr'><strong>serpentes.</strong></span> <span class='ocrx_word' id='word_1_161' title='bbox 1500 2687 1513 2709; x_wconf 92' lang='grc'><strong><em>’</em></strong></span> <span class='ocrx_word' id='word_1_162' title='bbox 1578 2690 1678 2739; x_wconf 85' lang='lat' dir='ltr'><strong>Re·</strong></span> 
     </span>
     <span class='ocr_line' id='line_1_28' title="bbox 628 2765 1679 2833; baseline -0.001 -16"><span class='ocrx_word' id='word_1_163' title='bbox 628 2765 815 2828; x_wconf 72' lang='lat' dir='ltr'><strong>scribe,</strong></span> <span class='ocrx_word' id='word_1_164' title='bbox 849 2767 932 2832; x_wconf 76' lang='lat' dir='ltr'><strong>qai</strong></span> <span class='ocrx_word' id='word_1_165' title='bbox 961 2774 1102 2819; x_wconf 76' lang='lat' dir='ltr'><strong>antea</strong></span> <span class='ocrx_word' id='word_1_166' title='bbox 1141 2768 1298 2833; x_wconf 77' lang='lat' dir='ltr'><strong>Opici.</strong></span> <span class='ocrx_word' id='word_1_167' title='bbox 1369 2766 1510 2831; x_wconf 76' lang='lat' dir='ltr'><strong>Opici</strong></span> <span class='ocrx_word' id='word_1_168' title='bbox 1543 2766 1679 2817; x_wconf 88' lang='lat' dir='ltr'><strong>euim</strong></span> 
     </span>
     <span class='ocr_line' id='line_1_29' title="bbox 630 2842 1682 2910; baseline 0.005 -19"><span class='ocrx_word' id='word_1_169' title='bbox 630 2842 773 2905; x_wconf 82' lang='lat' dir='ltr'><strong>prius</strong></span> <span class='ocrx_word' id='word_1_170' title='bbox 800 2842 931 2894; x_wconf 85' lang='lat' dir='ltr'><strong>dicti</strong></span> <span class='ocrx_word' id='word_1_171' title='bbox 971 2845 1036 2895; x_wconf 85' lang='lat' dir='ltr'><strong>ab</strong></span> <span class='ocrx_word' id='word_1_172' title='bbox 1072 2844 1193 2910; x_wconf 67' lang='grc' dir='ltr'><strong><em>ὄφις,</em></strong></span> <span class='ocrx_word' id='word_1_173' title='bbox 1228 2859 1463 2909; x_wconf 86' lang='lat' dir='ltr'><strong>serpens.</strong></span> <span class='ocrx_word' id='word_1_174' title='bbox 1529 2844 1682 2896; x_wconf 85' lang='lat' dir='ltr'><strong>Nunc</strong></span> 
     </span>
     <span class='ocr_line' id='line_1_30' title="bbox 629 2918 1512 2986; baseline 0.006 -19"><span class='ocrx_word' id='word_1_175' title='bbox 629 2918 771 2969; x_wconf 83' lang='lat' dir='ltr'><strong>Festi</strong></span> <span class='ocrx_word' id='word_1_176' title='bbox 794 2919 952 2970; x_wconf 82' lang='lat' dir='ltr'><strong>verba</strong></span> <span class='ocrx_word' id='word_1_177' title='bbox 972 2922 1098 2972; x_wconf 84' lang='lat' dir='ltr'><strong>satis</strong></span> <span class='ocrx_word' id='word_1_178' title='bbox 1127 2931 1328 2986; x_wconf 82' lang='lat' dir='ltr'><strong>aperta.</strong></span> <span class='ocrx_word' id='word_1_179' title='bbox 1361 2923 1512 2973; x_wconf 76' lang='lat' dir='ltr'><strong>Idem.</strong></span> 
     </span>
    </p>

    <p class='ocr_par' dir='ltr' id='par_1_15' title="bbox 627 2994 1684 3289">
     <span class='ocr_line' id='line_1_31' title="bbox 691 2994 1681 3064; baseline 0.005 -19"><span class='ocrx_word' id='word_1_180' title='bbox 691 2994 914 3062; x_wconf 70' lang='lat' dir='ltr'><strong>⁸Ma3is]</strong></span> <span class='ocrx_word' id='word_1_181' title='bbox 936 2997 1294 3049; x_wconf 84' lang='lat' dir='ltr'><strong>Duriusculum</strong></span> <span class='ocrx_word' id='word_1_182' title='bbox 1318 3007 1545 3064; x_wconf 77' lang='lat' dir='ltr'><strong>etymon.</strong></span> <span class='ocrx_word' id='word_1_183' title='bbox 1578 2999 1681 3050; x_wconf 88' lang='lat' dir='ltr'><strong>Ve-</strong></span> 
     </span>
     <span class='ocr_line' id='line_1_32' title="bbox 628 3068 1683 3140; baseline 0.007 -22"><span class='ocrx_word' id='word_1_184' title='bbox 628 3068 889 3120; x_wconf 82' lang='lat' dir='ltr'><strong>risimilior</strong></span> <span class='ocrx_word' id='word_1_185' title='bbox 913 3072 1116 3124; x_wconf 77' lang='lat' dir='ltr'><strong>videtur</strong></span> <span class='ocrx_word' id='word_1_186' title='bbox 1150 3074 1258 3125; x_wconf 84' lang='lat' dir='ltr'><strong>Jul.</strong></span> <span class='ocrx_word' id='word_1_187' title='bbox 1290 3076 1543 3140; x_wconf 76' lang='lat' dir='ltr'><strong>scaligeri</strong></span> <span class='ocrx_word' id='word_1_188' title='bbox 1565 3088 1683 3125; x_wconf 79' lang='lat' dir='ltr'><strong>seu-</strong></span> 
     </span>
     <span class='ocr_line' id='line_1_33' title="bbox 629 3145 1684 3217; baseline 0.009 -23"><span class='ocrx_word' id='word_1_189' title='bbox 629 3145 812 3203; x_wconf 83' lang='lat' dir='ltr'><strong>tentia,</strong></span> <span class='ocrx_word' id='word_1_190' title='bbox 845 3148 929 3213; x_wconf 85' lang='lat' dir='ltr'><strong>qui</strong></span> <span class='ocrx_word' id='word_1_191' title='bbox 948 3148 1015 3198; x_wconf 82' lang='lat' dir='ltr'><strong>ab</strong></span> <span class='ocrx_word' id='word_1_192' title='bbox 1038 3149 1268 3202; x_wconf 83' lang='lat' dir='ltr'><strong>obsoleto</strong></span> <span class='ocrx_word' id='word_1_193' title='bbox 1303 3151 1541 3217; x_wconf 67' lang='grc' dir='ltr'><strong>ωας-κίον,</strong></span> <span class='ocrx_word' id='word_1_194' title='bbox 1561 3152 1684 3203; x_wconf 81' lang='lat' dir='ltr'><strong>eliso</strong></span> 
     </span>
     <span class='ocr_line' id='line_1_34' title="bbox 627 3223 1501 3289; baseline 0.011 -19"><span class='ocrx_word' id='word_1_195' title='bbox 627 3236 680 3280; x_wconf 80' lang='lat' dir='ltr'><strong>n,</strong></span> <span class='ocrx_word' id='word_1_196' title='bbox 698 3223 901 3289; x_wconf 65' lang='lat' dir='ltr'><strong>nagior,</strong></span> <span class='ocrx_word' id='word_1_197' title='bbox 921 3227 1077 3288; x_wconf 72' lang='lat' dir='ltr'><strong>magis</strong></span> <span class='ocrx_word' id='word_1_198' title='bbox 1093 3226 1319 3280; x_wconf 83' lang='lat' dir='ltr'><strong>deducit.</strong></span> <span class='ocrx_word' id='word_1_199' title='bbox 1353 3229 1501 3280; x_wconf 76' lang='lat' dir='ltr'><strong>Idem.</strong></span> 
     </span>
    </p>

    <p class='ocr_par' dir='ltr' id='par_1_16' title="bbox 628 3298 1686 4291">
     <span class='ocr_line' id='line_1_35' title="bbox 693 3298 1682 3370; baseline 0.006 -21"><span class='ocrx_word' id='word_1_200' title='bbox 693 3298 720 3332; x_wconf 59' lang='grc' dir='ltr'><strong><em>Β</em></strong></span> <span class='ocrx_word' id='word_1_201' title='bbox 753 3299 1097 3370; x_wconf 65' lang='lat' dir='ltr'><strong>magisterare]</strong></span> <span class='ocrx_word' id='word_1_202' title='bbox 1140 3304 1342 3354; x_wconf 77' lang='lat' dir='ltr'><strong>Deerat</strong></span> <span class='ocrx_word' id='word_1_203' title='bbox 1365 3305 1589 3369; x_wconf 78' lang='lat' dir='ltr'><strong>spatium</strong></span> <span class='ocrx_word' id='word_1_204' title='bbox 1618 3304 1682 3354; x_wconf 90' lang='lat' dir='ltr'><strong>ad</strong></span> 
     </span>
     <span class='ocr_line' id='line_1_36' title="bbox 629 3378 1685 3446; baseline 0.005 -20"><span class='ocrx_word' id='word_1_205' title='bbox 629 3391 695 3426; x_wconf 87' lang='lat' dir='ltr'><strong>ea</strong></span> <span class='ocrx_word' id='word_1_206' title='bbox 716 3378 987 3443; x_wconf 82' lang='lat' dir='ltr'><strong>capienda,</strong></span> <span class='ocrx_word' id='word_1_207' title='bbox 1010 3395 1123 3446; x_wconf 78' lang='lat' dir='ltr'><strong>quae</strong></span> <span class='ocrx_word' id='word_1_208' title='bbox 1156 3379 1586 3431; x_wconf 72' lang='lat' dir='ltr'><strong>desiderabantur</strong></span> <span class='ocrx_word' id='word_1_209' title='bbox 1616 3394 1685 3431; x_wconf 76' lang='lat' dir='ltr'><strong>ex</strong></span> 
     </span>
     <span class='ocr_line' id='line_1_37' title="bbox 631 3451 1684 3522; baseline 0.006 -21"><span class='ocrx_word' id='word_1_210' title='bbox 631 3451 809 3503; x_wconf 74' lang='lat' dir='ltr'><strong>selred.</strong></span> <span class='ocrx_word' id='word_1_211' title='bbox 826 3455 877 3505; x_wconf 89' lang='lat' dir='ltr'><strong>in</strong></span> <span class='ocrx_word' id='word_1_212' title='bbox 900 3453 1002 3505; x_wconf 83' lang='lat' dir='ltr'><strong>fine</strong></span> <span class='ocrx_word' id='word_1_213' title='bbox 1024 3464 1151 3522; x_wconf 87' lang='lat' dir='ltr'><strong>puto</strong></span> <span class='ocrx_word' id='word_1_214' title='bbox 1174 3456 1458 3508; x_wconf 81' lang='lat' dir='ltr'><strong>desiderari</strong></span> <span class='ocrx_word' id='word_1_215' title='bbox 1481 3465 1684 3509; x_wconf 86' lang='lat' dir='ltr'><strong>tantum</strong></span> 
     </span>
     <span class='ocr_line' id='line_1_38' title="bbox 629 3533 1684 3596; baseline 0.008 -17"><span class='ocrx_word' id='word_1_216' title='bbox 629 3543 810 3582; x_wconf 80' lang='lat' dir='ltr'><strong>vocem</strong></span> <span class='ocrx_word' id='word_1_217' title='bbox 843 3534 1024 3596; x_wconf 71' lang='lat' dir='ltr'><strong>decen,</strong></span> <span class='ocrx_word' id='word_1_218' title='bbox 1054 3533 1137 3583; x_wconf 81' lang='lat' dir='ltr'><strong>vel</strong></span> <span class='ocrx_word' id='word_1_219' title='bbox 1171 3535 1422 3587; x_wconf 76' lang='lat' dir='ltr'><strong>similem:</strong></span> <span class='ocrx_word' id='word_1_220' title='bbox 1457 3543 1514 3587; x_wconf 89' lang='lat' dir='ltr'><strong>et</strong></span> <span class='ocrx_word' id='word_1_221' title='bbox 1540 3543 1684 3587; x_wconf 87' lang='lat' dir='ltr'><strong>recte</strong></span> 
     </span>
     <span class='ocr_line' id='line_1_39' title="bbox 630 3605 1684 3680; baseline 0.005 -21"><span class='ocrx_word' id='word_1_222' title='bbox 630 3609 838 3674; x_wconf 81' lang='lat' dir='ltr'><strong>quidem</strong></span> <span class='ocrx_word' id='word_1_223' title='bbox 881 3614 1066 3664; x_wconf 84' lang='lat' dir='ltr'><strong>Festus</strong></span> <span class='ocrx_word' id='word_1_224' title='bbox 1085 3605 1418 3677; x_wconf 68' lang='lat' dir='ltr'><strong>&#39;magisterare</strong></span> <span class='ocrx_word' id='word_1_225' title='bbox 1460 3614 1684 3680; x_wconf 82' lang='lat' dir='ltr'><strong>antiquis</strong></span> 
     </span>
     <span class='ocr_line' id='line_1_40' title="bbox 629 3690 1683 3754; baseline 0.004 -18"><span class='ocrx_word' id='word_1_226' title='bbox 629 3697 930 3752; x_wconf 80' lang='lat' dir='ltr'><strong>usurpatum</strong></span> <span class='ocrx_word' id='word_1_227' title='bbox 972 3690 1099 3743; x_wconf 88' lang='lat' dir='ltr'><strong>dicit</strong></span> <span class='ocrx_word' id='word_1_228' title='bbox 1141 3704 1234 3754; x_wconf 88' lang='lat' dir='ltr'><strong>pro</strong></span> <span class='ocrx_word' id='word_1_229' title='bbox 1276 3704 1476 3753; x_wconf 75' lang='lat' dir='ltr'><strong>regere,</strong></span> <span class='ocrx_word' id='word_1_230' title='bbox 1523 3690 1683 3754; x_wconf 86' lang='lat' dir='ltr'><strong>impe-</strong></span> 
     </span>
     <span class='ocr_line' id='line_1_41' title="bbox 628 3763 1686 3831; baseline 0.002 -17"><span class='ocrx_word' id='word_1_231' title='bbox 628 3763 761 3815; x_wconf 86' lang='lat' dir='ltr'><strong>rium</strong></span> <span class='ocrx_word' id='word_1_232' title='bbox 780 3766 992 3817; x_wconf 81' lang='lat' dir='ltr'><strong>habere.</strong></span> <span class='ocrx_word' id='word_1_233' title='bbox 1050 3765 1184 3818; x_wconf 83' lang='lat' dir='ltr'><strong>Inde</strong></span> <span class='ocrx_word' id='word_1_234' title='bbox 1205 3765 1257 3817; x_wconf 91' lang='lat' dir='ltr'><strong>in</strong></span> <span class='ocrx_word' id='word_1_235' title='bbox 1279 3766 1451 3818; x_wconf 83' lang='lat' dir='ltr'><strong>Gloss.</strong></span> <span class='ocrx_word' id='word_1_236' title='bbox 1470 3774 1485 3796; x_wconf 79' lang='lat'><strong><em>⁴</em></strong></span> <span class='ocrx_word' id='word_1_237' title='bbox 1504 3767 1686 3831; x_wconf 77' lang='lat' dir='ltr'><strong>magis·</strong></span> 
     </span>
     <span class='ocr_line' id='line_1_42' title="bbox 632 3840 1686 3909; baseline 0.004 -18"><span class='ocrx_word' id='word_1_238' title='bbox 632 3840 1058 3907; x_wconf 57' lang='lat' dir='ltr'><strong>affirmando?</strong></span> <span class='ocrx_word' id='word_1_239' title='bbox 1088 3843 1104 3870; x_wconf 89' lang='lat'>‘</span> <span class='ocrx_word' id='word_1_240' title='bbox 1123 3843 1502 3907; x_wconf 75' lang='lat' dir='ltr'><strong>Magisterium‚</strong></span> <span class='ocrx_word' id='word_1_241' title='bbox 1525 3842 1686 3909; x_wconf 67' lang='lat' dir='ltr'><strong>&amp;px-11!</strong></span> 
     </span>
     <span class='ocr_line' id='line_1_43' title="bbox 629 3917 1684 3985; baseline 0.007 -19"><span class='ocrx_word' id='word_1_242' title='bbox 629 3917 732 3967; x_wconf 80' lang='lat' dir='ltr'><strong>Sed</strong></span> <span class='ocrx_word' id='word_1_243' title='bbox 765 3925 948 3983; x_wconf 85' lang='lat' dir='ltr'><strong>postea</strong></span> <span class='ocrx_word' id='word_1_244' title='bbox 978 3935 1074 3985; x_wconf 89' lang='lat' dir='ltr'><strong>pro</strong></span> <span class='ocrx_word' id='word_1_245' title='bbox 1109 3922 1292 3978; x_wconf 72' lang='lat' dir='ltr'><strong>docere,</strong></span> <span class='ocrx_word' id='word_1_246' title='bbox 1322 3922 1460 3972; x_wconf 89' lang='lat' dir='ltr'><strong>uude</strong></span> <span class='ocrx_word' id='word_1_247' title='bbox 1498 3923 1684 3973; x_wconf 84' lang='lat' dir='ltr'><strong>artium</strong></span> 
     </span>
     <span class='ocr_line' id='line_1_44' title="bbox 632 3992 1685 4062; baseline 0.006 -21"><span class='ocrx_word' id='word_1_248' title='bbox 632 3992 874 4045; x_wconf 84' lang='lat' dir='ltr'><strong>doctores</strong></span> <span class='ocrx_word' id='word_1_249' title='bbox 897 3995 1025 4046; x_wconf 88' lang='lat' dir='ltr'><strong>dicti</strong></span> <span class='ocrx_word' id='word_1_250' title='bbox 1042 3996 1287 4060; x_wconf 71' lang='lat' dir='ltr'><strong>magistri.</strong></span> <span class='ocrx_word' id='word_1_251' title='bbox 1350 3998 1437 4048; x_wconf 86' lang='lat' dir='ltr'><strong>Sic</strong></span> <span class='ocrx_word' id='word_1_252' title='bbox 1459 3998 1685 4062; x_wconf 85' lang='lat' dir='ltr'><strong>Spartia-</strong></span> 
     </span>
     <span class='ocr_line' id='line_1_45' title="bbox 633 4069 1686 4140; baseline 0.006 -23"><span class='ocrx_word' id='word_1_253' title='bbox 633 4082 731 4118; x_wconf 81' lang='lat' dir='ltr'><strong>nus</strong></span> <span class='ocrx_word' id='word_1_254' title='bbox 752 4069 805 4118; x_wconf 91' lang='lat' dir='ltr'><strong>iu</strong></span> <span class='ocrx_word' id='word_1_255' title='bbox 825 4070 1055 4122; x_wconf 85' lang='lat' dir='ltr'><strong>Adriano</strong></span> <span class='ocrx_word' id='word_1_256' title='bbox 1086 4080 1217 4123; x_wconf 83' lang='lat' dir='ltr'><strong>sect.</strong></span> <span class='ocrx_word' id='word_1_257' title='bbox 1242 4077 1320 4124; x_wconf 88' lang='lat'><strong>10.</strong></span> <span class='ocrx_word' id='word_1_258' title='bbox 1351 4075 1367 4102; x_wconf 87' lang='lat'>‘</span> <span class='ocrx_word' id='word_1_259' title='bbox 1385 4074 1510 4140; x_wconf 85' lang='lat' dir='ltr'><strong>Ipse</strong></span> <span class='ocrx_word' id='word_1_260' title='bbox 1547 4075 1686 4124; x_wconf 86' lang='lat' dir='ltr'><strong>iuter</strong></span> 
     </span>
     <span class='ocr_line' id='line_1_46' title="bbox 633 4148 1684 4217; baseline 0.007 -21"><span class='ocrx_word' id='word_1_261' title='bbox 633 4148 980 4212; x_wconf 75' lang='lat' dir='ltr'><strong>manipulares</strong></span> <span class='ocrx_word' id='word_1_262' title='bbox 1005 4150 1158 4202; x_wconf 79' lang='lat' dir='ltr'><strong>vitam</strong></span> <span class='ocrx_word' id='word_1_263' title='bbox 1191 4151 1466 4203; x_wconf 85' lang='lat' dir='ltr'><strong>militarem</strong></span> <span class='ocrx_word' id='word_1_264' title='bbox 1497 4153 1684 4217; x_wconf 76' lang='lat' dir='ltr'><strong>magis·</strong></span> 
     </span>
     <span class='ocr_line' id='line_1_47' title="bbox 635 4223 1472 4291; baseline 0.01 -18"><span class='ocrx_word' id='word_1_265' title='bbox 635 4223 811 4274; x_wconf 59' lang='lat' dir='ltr'><strong>trans?</strong></span> <span class='ocrx_word' id='word_1_266' title='bbox 877 4225 936 4275; x_wconf 85' lang='lat' dir='ltr'><strong>ld</strong></span> <span class='ocrx_word' id='word_1_267' title='bbox 956 4235 1059 4291; x_wconf 85' lang='lat' dir='ltr'><strong>est,</strong></span> <span class='ocrx_word' id='word_1_268' title='bbox 1082 4227 1290 4278; x_wconf 84' lang='lat' dir='ltr'><strong>docens.</strong></span> <span class='ocrx_word' id='word_1_269' title='bbox 1324 4229 1472 4280; x_wconf 76' lang='lat' dir='ltr'><strong>Idem.</strong></span> 
     </span>
    </p>

    <p class='ocr_par' dir='ltr' id='par_1_17' title="bbox 698 4300 1687 4373">
     <span class='ocr_line' id='line_1_48' title="bbox 698 4300 1687 4373; baseline 0.006 -20"><span class='ocrx_word' id='word_1_270' title='bbox 698 4300 1043 4369; x_wconf 66' lang='lat' dir='ltr'><strong>Magister-are]</strong></span> <span class='ocrx_word' id='word_1_271' title='bbox 1073 4303 1247 4355; x_wconf 82' lang='lat' dir='ltr'><strong>Verba</strong></span> <span class='ocrx_word' id='word_1_272' title='bbox 1265 4305 1428 4373; x_wconf 78' lang='lat' dir='ltr'><strong>Festi,</strong></span> <span class='ocrx_word' id='word_1_273' title='bbox 1442 4321 1556 4373; x_wconf 66' lang='lat' dir='ltr'><strong>qun</strong></span> <span class='ocrx_word' id='word_1_274' title='bbox 1575 4306 1687 4359; x_wconf 76' lang='lat' dir='ltr'><strong>liaec</strong></span> 
     </span>
    </p>
   </div>
   <div class='ocr_carea' id='block_1_13' title="bbox 1757 2371 2805 2984">
    <p class='ocr_par' dir='ltr' id='par_1_18' title="bbox 1757 2371 2799 2521">
     <span class='ocr_line' id='line_1_49' title="bbox 1760 2371 2799 2444; baseline -0.007 -15"><span class='ocrx_word' id='word_1_275' title='bbox 1760 2376 2091 2444; x_wconf 72' lang='lat' dir='ltr'><strong>praecedunt,</strong></span> <span class='ocrx_word' id='word_1_276' title='bbox 2112 2376 2177 2441; x_wconf 82' lang='lat' dir='ltr'><strong>ad</strong></span> <span class='ocrx_word' id='word_1_277' title='bbox 2196 2377 2290 2428; x_wconf 86' lang='lat' dir='ltr'><strong>hoc</strong></span> <span class='ocrx_word' id='word_1_278' title='bbox 2309 2374 2525 2425; x_wconf 76' lang='lat' dir='ltr'><strong>verbum</strong></span> <span class='ocrx_word' id='word_1_279' title='bbox 2545 2371 2799 2425; x_wconf 80' lang='lat' dir='ltr'><strong>referenda</strong></span> 
     </span>
     <span class='ocr_line' id='line_1_50' title="bbox 1757 2458 2203 2521; baseline 0.002 -13"><span class='ocrx_word' id='word_1_280' title='bbox 1757 2465 1893 2508; x_wconf 78' lang='lat' dir='ltr'><strong>sunt.</strong></span> <span class='ocrx_word' id='word_1_281' title='bbox 1926 2460 2048 2508; x_wconf 78' lang='lat' dir='ltr'><strong>Ant.</strong></span> <span class='ocrx_word' id='word_1_282' title='bbox 2072 2458 2203 2521; x_wconf 72' lang='lat' dir='ltr'><strong>Aug.</strong></span> 
     </span>
    </p>

    <p class='ocr_par' dir='ltr' id='par_1_19' title="bbox 1757 2532 2802 2833">
     <span class='ocr_line' id='line_1_51' title="bbox 1821 2532 2800 2600; baseline -0.006 -13"><span class='ocrx_word' id='word_1_283' title='bbox 1821 2534 1835 2569; x_wconf 86' lang='lat'><strong>¹</strong></span> <span class='ocrx_word' id='word_1_284' title='bbox 1868 2536 2213 2600; x_wconf 68' lang='lat' dir='ltr'><strong>Magister-are]</strong></span> <span class='ocrx_word' id='word_1_285' title='bbox 2252 2535 2410 2585; x_wconf 81' lang='lat' dir='ltr'><strong>Post.</strong></span> <span class='ocrx_word' id='word_1_286' title='bbox 2422 2532 2634 2584; x_wconf 80' lang='lat' dir='ltr'><strong>verbnm</strong></span> <span class='ocrx_word' id='word_1_287' title='bbox 2669 2547 2800 2596; x_wconf 69' lang='lat' dir='ltr'><strong>pago·</strong></span> 
     </span>
     <span class='ocr_line' id='line_1_52' title="bbox 1757 2610 2800 2671; baseline -0.005 -8"><span class='ocrx_word' id='word_1_288' title='bbox 1757 2628 1862 2663; x_wconf 74' lang='lat' dir='ltr'><strong>rum</strong></span> <span class='ocrx_word' id='word_1_289' title='bbox 1885 2614 2090 2665; x_wconf 83' lang='lat' dir='ltr'><strong>videtur</strong></span> <span class='ocrx_word' id='word_1_290' title='bbox 2124 2610 2417 2663; x_wconf 85' lang='lat' dir='ltr'><strong>addendum</strong></span> <span class='ocrx_word' id='word_1_291' title='bbox 2456 2611 2712 2671; x_wconf 63' lang='lat' dir='ltr'><strong>carim</strong></span> <span class='ocrx_word' id='word_1_292' title='bbox 2744 2624 2800 2658; x_wconf 83' lang='lat' dir='ltr'><strong>ex</strong></span> 
     </span>
     <span class='ocr_line' id='line_1_53' title="bbox 1758 2687 2802 2757; baseline -0.004 -18"><span class='ocrx_word' id='word_1_293' title='bbox 1758 2690 1965 2745; x_wconf 84' lang='lat' dir='ltr'><strong>Plauto,</strong></span> <span class='ocrx_word' id='word_1_294' title='bbox 1987 2691 2075 2757; x_wconf 88' lang='lat' dir='ltr'><strong>qui</strong></span> <span class='ocrx_word' id='word_1_295' title='bbox 2098 2689 2259 2740; x_wconf 86' lang='lat' dir='ltr'><strong>dicit</strong></span> <span class='ocrx_word' id='word_1_296' title='bbox 2245 2705 2294 2738; x_wconf 86' lang='lat' dir='ltr'><strong>m</strong></span> <span class='ocrx_word' id='word_1_297' title='bbox 2320 2687 2614 2738; x_wconf 82' lang='lat' dir='ltr'><strong>Aulularia·</strong></span> <span class='ocrx_word' id='word_1_298' title='bbox 2644 2687 2802 2736; x_wconf 83' lang='lat' dir='ltr'><strong>‘Nos-</strong></span> 
     </span>
     <span class='ocr_line' id='line_1_54' title="bbox 1760 2755 2802 2833; baseline -0.005 -18"><span class='ocrx_word' id='word_1_299' title='bbox 1760 2774 1854 2815; x_wconf 80' lang='lat' dir='ltr'><strong>trae</strong></span> <span class='ocrx_word' id='word_1_300' title='bbox 1871 2766 2051 2833; x_wconf 79' lang='lat' dir='ltr'><strong>quiest</strong></span> <span class='ocrx_word' id='word_1_301' title='bbox 2072 2755 2320 2829; x_wconf 82' lang='lat' dir='ltr'><strong>magister</strong></span> <span class='ocrx_word' id='word_1_302' title='bbox 2342 2764 2518 2814; x_wconf 77' lang='lat' dir='ltr'><strong>ruriae.</strong></span> <span class='ocrx_word' id='word_1_303' title='bbox 2520 2762 2669 2813; x_wconf 71' lang='grc' dir='ltr'><strong>’.Ριιλ</strong></span> <span class='ocrx_word' id='word_1_304' title='bbox 2699 2763 2802 2812; x_wconf 64' lang='lat' dir='ltr'><strong>Urs.</strong></span> 
     </span>
    </p>

    <p class='ocr_par' dir='ltr' id='par_1_20' title="bbox 1763 2840 2805 2984">
     <span class='ocr_line' id='line_1_55' title="bbox 1826 2840 2805 2907; baseline -0.006 -13"><span class='ocrx_word' id='word_1_305' title='bbox 1826 2843 2172 2907; x_wconf 71' lang='lat' dir='ltr'><strong>Magister-are]</strong></span> <span class='ocrx_word' id='word_1_306' title='bbox 2209 2843 2349 2891; x_wconf 83' lang='lat' dir='ltr'><strong>Male</strong></span> <span class='ocrx_word' id='word_1_307' title='bbox 2373 2841 2569 2891; x_wconf 79' lang='lat' dir='ltr'><strong>Paulus</strong></span> <span class='ocrx_word' id='word_1_308' title='bbox 2589 2840 2805 2902; x_wconf 63' lang='lat' dir='ltr'><strong>magister</strong></span> 
     </span>
     <span class='ocr_line' id='line_1_56' title="bbox 1763 2918 2803 2984; baseline -0.005 -13"><span class='ocrx_word' id='word_1_309' title='bbox 1763 2920 1905 2971; x_wconf 86' lang='lat' dir='ltr'><strong>ducit</strong></span> <span class='ocrx_word' id='word_1_310' title='bbox 1948 2936 1979 2970; x_wconf 85' lang='lat' dir='ltr'><strong>a</strong></span> <span class='ocrx_word' id='word_1_311' title='bbox 2020 2921 2331 2984; x_wconf 72' lang='lat' dir='ltr'><strong>magisterare</strong></span> <span class='ocrx_word' id='word_1_312' title='bbox 2367 2920 2447 2968; x_wconf 82' lang='lat' dir='ltr'><strong>vel</strong></span> <span class='ocrx_word' id='word_1_313' title='bbox 2494 2918 2803 2981; x_wconf 66' lang='lat' dir='ltr'><strong>misem-e,-</strong></span> 
     </span>
    </p>
   </div>
   <div class='ocr_carea' id='block_1_14' title="bbox 1762 2996 2810 3138">
    <p class='ocr_par' dir='ltr' id='par_1_21' title="bbox 1762 2996 2810 3138">
     <span class='ocr_line' id='line_1_57' title="bbox 1763 2996 2807 3060; baseline -0.004 -13"><span class='ocrx_word' id='word_1_314' title='bbox 1763 3011 1879 3047; x_wconf 88' lang='lat' dir='ltr'><strong>cum</strong></span> <span class='ocrx_word' id='word_1_315' title='bbox 1930 3006 2113 3047; x_wconf 82' lang='lat' dir='ltr'><strong>contra</strong></span> <span class='ocrx_word' id='word_1_316' title='bbox 2164 2996 2473 3060; x_wconf 72' lang='lat' dir='ltr'><strong>magisterare</strong></span> <span class='ocrx_word' id='word_1_317' title='bbox 2518 3009 2550 3044; x_wconf 85' lang='lat' dir='ltr'><strong>a</strong></span> <span class='ocrx_word' id='word_1_318' title='bbox 2590 2996 2807 3057; x_wconf 68' lang='lat' dir='ltr'><strong>magister</strong></span> 
     </span>
     <span class='ocr_line' id='line_1_58' title="bbox 1762 3073 2810 3138; baseline -0.003 -14"><span class='ocrx_word' id='word_1_319' title='bbox 1762 3073 1954 3125; x_wconf 84' lang='lat' dir='ltr'><strong>dictum</strong></span> <span class='ocrx_word' id='word_1_320' title='bbox 1978 3076 2064 3125; x_wconf 87' lang='lat' dir='ltr'><strong>sit.</strong></span> <span class='ocrx_word' id='word_1_321' title='bbox 2128 3076 2256 3127; x_wconf 75' lang='lat' dir='ltr'><strong>Erat</strong></span> <span class='ocrx_word' id='word_1_322' title='bbox 2276 3082 2449 3125; x_wconf 84' lang='lat' dir='ltr'><strong>autem</strong></span> <span class='ocrx_word' id='word_1_323' title='bbox 2484 3073 2810 3138; x_wconf 72' lang='lat' dir='ltr'><strong>proprie-n·</strong></span> 
     </span>
    </p>
   </div>
   <div class='ocr_carea' id='block_1_15' title="bbox 1759 3150 2818 4369">
    <p class='ocr_par' dir='ltr' id='par_1_22' title="bbox 1759 3150 2818 4215">
     <span class='ocr_line' id='line_1_59' title="bbox 1759 3150 2810 3218; baseline -0.005 -14"><span class='ocrx_word' id='word_1_324' title='bbox 1759 3153 1935 3216; x_wconf 60' lang='lat' dir='ltr'><strong>gista,</strong></span> <span class='ocrx_word' id='word_1_325' title='bbox 1969 3152 2270 3218; x_wconf 65' lang='lat' dir='ltr'><strong>praefectus,</strong></span> <span class='ocrx_word' id='word_1_326' title='bbox 2303 3152 2507 3204; x_wconf 77' lang='lat' dir='ltr'><strong>Graecis</strong></span> <span class='ocrx_word' id='word_1_327' title='bbox 2543 3150 2810 3211; x_wconf 62' lang='grc' dir='ltr'><strong>ἐπιστάτης,</strong></span> 
     </span>
     <span class='ocr_line' id='line_1_60' title="bbox 1762 3226 2813 3293; baseline -0.004 -14"><span class='ocrx_word' id='word_1_328' title='bbox 1762 3237 1823 3280; x_wconf 91' lang='lat' dir='ltr'><strong>nt</strong></span> <span class='ocrx_word' id='word_1_329' title='bbox 1845 3229 2116 3293; x_wconf 81' lang='lat' dir='ltr'><strong>‘magister</strong></span> <span class='ocrx_word' id='word_1_330' title='bbox 2136 3242 2380 3293; x_wconf 79' lang='lat' dir='ltr'><strong>pagorum</strong></span> <span class='ocrx_word' id='word_1_331' title='bbox 2400 3226 2415 3249; x_wconf 88' lang='lat'>&#39;</span> <span class='ocrx_word' id='word_1_332' title='bbox 2449 3228 2501 3277; x_wconf 90' lang='lat' dir='ltr'><strong>in</strong></span> <span class='ocrx_word' id='word_1_333' title='bbox 2526 3226 2813 3293; x_wconf 79' lang='lat' dir='ltr'><strong>inscriptio-</strong></span> 
     </span>
     <span class='ocr_line' id='line_1_61' title="bbox 1763 3302 2813 3368; baseline -0.003 -13"><span class='ocrx_word' id='word_1_334' title='bbox 1763 3305 1932 3368; x_wconf 78' lang='lat' dir='ltr'><strong>nibus,</strong></span> <span class='ocrx_word' id='word_1_335' title='bbox 1987 3304 2334 3355; x_wconf 78' lang='lat' dir='ltr'><strong>‘societatum</strong></span> <span class='ocrx_word' id='word_1_336' title='bbox 2354 3302 2370 3325; x_wconf 74' lang='lat'><strong><em>⁹</em></strong></span> <span class='ocrx_word' id='word_1_337' title='bbox 2420 3303 2561 3368; x_wconf 85' lang='lat' dir='ltr'><strong>apud</strong></span> <span class='ocrx_word' id='word_1_338' title='bbox 2616 3304 2813 3355; x_wconf 83' lang='lat' dir='ltr'><strong>Cicero-</strong></span> 
     </span>
     <span class='ocr_line' id='line_1_62' title="bbox 1764 3378 2813 3446; baseline -0.003 -15"><span class='ocrx_word' id='word_1_339' title='bbox 1764 3397 1882 3433; x_wconf 85' lang='lat' dir='ltr'><strong>nem</strong></span> <span class='ocrx_word' id='word_1_340' title='bbox 1923 3396 2017 3446; x_wconf 82' lang='lat' dir='ltr'><strong>pro</strong></span> <span class='ocrx_word' id='word_1_341' title='bbox 2055 3381 2287 3444; x_wconf 85' lang='lat' dir='ltr'><strong>Plancio,</strong></span> <span class='ocrx_word' id='word_1_342' title='bbox 2327 3378 2651 3432; x_wconf 70' lang='lat' dir='ltr'><strong>‘vicorum’</strong></span> <span class='ocrx_word' id='word_1_343' title='bbox 2684 3378 2813 3444; x_wconf 81' lang='lat' dir='ltr'><strong>apud</strong></span> 
     </span>
     <span class='ocr_line' id='line_1_63' title="bbox 1764 3454 2816 3523; baseline -0.003 -14"><span class='ocrx_word' id='word_1_344' title='bbox 1764 3459 2060 3509; x_wconf 80' lang='lat' dir='ltr'><strong>Suetonium</strong></span> <span class='ocrx_word' id='word_1_345' title='bbox 2081 3457 2132 3507; x_wconf 87' lang='lat' dir='ltr'><strong>iu</strong></span> <span class='ocrx_word' id='word_1_346' title='bbox 2148 3457 2405 3522; x_wconf 83' lang='lat' dir='ltr'><strong>Augusto,</strong></span> <span class='ocrx_word' id='word_1_347' title='bbox 2423 3465 2437 3486; x_wconf 83' lang='lat'>‘</span> <span class='ocrx_word' id='word_1_348' title='bbox 2451 3454 2816 3523; x_wconf 69' lang='lat' dir='ltr'><strong>Collegiomm&#39;</strong></span> 
     </span>
     <span class='ocr_line' id='line_1_64' title="bbox 1766 3534 2814 3600; baseline -0.001 -15"><span class='ocrx_word' id='word_1_349' title='bbox 1766 3535 1902 3600; x_wconf 87' lang='lat' dir='ltr'><strong>apud</strong></span> <span class='ocrx_word' id='word_1_350' title='bbox 1929 3535 2225 3592; x_wconf 79' lang='lat' dir='ltr'><strong>Asconium,</strong></span> <span class='ocrx_word' id='word_1_351' title='bbox 2246 3535 2522 3598; x_wconf 77' lang='lat' dir='ltr'><strong>‘Equitum</strong></span> <span class='ocrx_word' id='word_1_352' title='bbox 2538 3534 2551 3554; x_wconf 87' lang='lat'>&#39;</span> <span class='ocrx_word' id='word_1_353' title='bbox 2572 3536 2711 3600; x_wconf 89' lang='lat' dir='ltr'><strong>apud</strong></span> <span class='ocrx_word' id='word_1_354' title='bbox 2738 3534 2814 3584; x_wconf 75' lang='lat' dir='ltr'><strong>u-</strong></span> 
     </span>
     <span class='ocr_line' id='line_1_65' title="bbox 1764 3611 2813 3675; baseline -0.003 -12"><span class='ocrx_word' id='word_1_355' title='bbox 1764 3613 1918 3675; x_wconf 81' lang='lat' dir='ltr'><strong>vium,</strong></span> <span class='ocrx_word' id='word_1_356' title='bbox 1934 3613 2234 3674; x_wconf 85' lang='lat' dir='ltr'><strong>Varronem,</strong></span> <span class='ocrx_word' id='word_1_357' title='bbox 2248 3619 2303 3663; x_wconf 90' lang='lat' dir='ltr'><strong>et</strong></span> <span class='ocrx_word' id='word_1_358' title='bbox 2316 3612 2461 3662; x_wconf 77' lang='lat' dir='ltr'><strong>alios.</strong></span> <span class='ocrx_word' id='word_1_359' title='bbox 2496 3611 2633 3662; x_wconf 88' lang='lat' dir='ltr'><strong>Inde</strong></span> <span class='ocrx_word' id='word_1_360' title='bbox 2648 3622 2701 3662; x_wconf 87' lang='lat' dir='ltr'><strong>et</strong></span> <span class='ocrx_word' id='word_1_361' title='bbox 2715 3626 2813 3660; x_wconf 75' lang='lat' dir='ltr'><strong>ma·</strong></span> 
     </span>
     <span class='ocr_line' id='line_1_66' title="bbox 1767 3686 2818 3754; baseline -0.004 -14"><span class='ocrx_word' id='word_1_362' title='bbox 1767 3690 1916 3754; x_wconf 79' lang='lat' dir='ltr'><strong>gistri</strong></span> <span class='ocrx_word' id='word_1_363' title='bbox 1929 3704 2110 3740; x_wconf 86' lang='lat' dir='ltr'><strong>nomen</strong></span> <span class='ocrx_word' id='word_1_364' title='bbox 2123 3688 2325 3740; x_wconf 81' lang='lat' dir='ltr'><strong>honoris</strong></span> <span class='ocrx_word' id='word_1_365' title='bbox 2337 3703 2496 3740; x_wconf 83' lang='lat' dir='ltr'><strong>causa</strong></span> <span class='ocrx_word' id='word_1_366' title='bbox 2507 3689 2693 3738; x_wconf 84' lang='lat' dir='ltr'><strong>artium</strong></span> <span class='ocrx_word' id='word_1_367' title='bbox 2704 3686 2818 3736; x_wconf 80' lang='lat' dir='ltr'><strong>dae·</strong></span> 
     </span>
     <span class='ocr_line' id='line_1_67' title="bbox 1768 3762 2813 3832; baseline -0.006 -13"><span class='ocrx_word' id='word_1_368' title='bbox 1768 3767 1962 3819; x_wconf 82' lang='lat' dir='ltr'><strong>toribus</strong></span> <span class='ocrx_word' id='word_1_369' title='bbox 1985 3767 2161 3818; x_wconf 87' lang='lat' dir='ltr'><strong>datum</strong></span> <span class='ocrx_word' id='word_1_370' title='bbox 2183 3766 2345 3817; x_wconf 80' lang='lat' dir='ltr'><strong>videri</strong></span> <span class='ocrx_word' id='word_1_371' title='bbox 2369 3774 2581 3832; x_wconf 77' lang='lat' dir='ltr'><strong>potest3</strong></span> <span class='ocrx_word' id='word_1_372' title='bbox 2605 3774 2663 3816; x_wconf 85' lang='lat' dir='ltr'><strong>ut</strong></span> <span class='ocrx_word' id='word_1_373' title='bbox 2681 3762 2813 3829; x_wconf 84' lang='lat' dir='ltr'><strong>apud</strong></span> 
     </span>
     <span class='ocr_line' id='line_1_68' title="bbox 1769 3841 2813 3905; baseline -0.005 -12"><span class='ocrx_word' id='word_1_374' title='bbox 1769 3844 1969 3893; x_wconf 83' lang='lat' dir='ltr'><strong>Livium</strong></span> <span class='ocrx_word' id='word_1_375' title='bbox 1990 3842 2023 3893; x_wconf 89' lang='lat' dir='ltr'><strong>l.</strong></span> <span class='ocrx_word' id='word_1_376' title='bbox 2043 3857 2095 3894; x_wconf 74' lang='lat' dir='ltr'><strong>v.</strong></span> <span class='ocrx_word' id='word_1_377' title='bbox 2113 3850 2243 3894; x_wconf 84' lang='lat' dir='ltr'><strong>sect.</strong></span> <span class='ocrx_word' id='word_1_378' title='bbox 2260 3846 2343 3893; x_wconf 76' lang='grc'><strong>27.</strong></span> <span class='ocrx_word' id='word_1_379' title='bbox 2409 3841 2545 3892; x_wconf 86' lang='lat' dir='ltr'><strong>Inde</strong></span> <span class='ocrx_word' id='word_1_380' title='bbox 2567 3841 2584 3869; x_wconf 87' lang='lat'>‘</span> <span class='ocrx_word' id='word_1_381' title='bbox 2603 3841 2813 3905; x_wconf 68' lang='lat' dir='ltr'><strong>publiea</strong></span> 
     </span>
     <span class='ocr_line' id='line_1_69' title="bbox 1766 3917 2812 3985; baseline -0.006 -15"><span class='ocrx_word' id='word_1_382' title='bbox 1766 3921 2177 3985; x_wconf 75' lang='lat' dir='ltr'><strong>magistrationes</strong></span> <span class='ocrx_word' id='word_1_383' title='bbox 2198 3920 2212 3944; x_wconf 90' lang='lat'>’</span> <span class='ocrx_word' id='word_1_384' title='bbox 2245 3921 2299 3970; x_wconf 91' lang='lat' dir='ltr'><strong>iu</strong></span> <span class='ocrx_word' id='word_1_385' title='bbox 2343 3919 2528 3970; x_wconf 86' lang='lat' dir='ltr'><strong>codice</strong></span> <span class='ocrx_word' id='word_1_386' title='bbox 2562 3917 2812 3969; x_wconf 65' lang='lat' dir='ltr'><strong>nendos.</strong></span> 
     </span>
     <span class='ocr_line' id='line_1_70' title="bbox 1764 3993 2812 4061; baseline -0.008 -14"><span class='ocrx_word' id='word_1_387' title='bbox 1764 4010 1806 4047; x_wconf 80' lang='grc' dir='ltr'><strong>ι.</strong></span> <span class='ocrx_word' id='word_1_388' title='bbox 1825 3996 2010 4047; x_wconf 82' lang='lat' dir='ltr'><strong>scholoe</strong></span> <span class='ocrx_word' id='word_1_389' title='bbox 2035 3997 2275 4061; x_wconf 65' lang='lat' dir='ltr'><strong>publice.</strong></span> <span class='ocrx_word' id='word_1_390' title='bbox 2342 3993 2390 4046; x_wconf 85' lang='grc' dir='ltr'><strong>Α</strong></span> <span class='ocrx_word' id='word_1_391' title='bbox 2412 3994 2721 4057; x_wconf 70' lang='lat' dir='ltr'><strong>magister-m</strong></span> <span class='ocrx_word' id='word_1_392' title='bbox 2737 3997 2812 4039; x_wconf 76' lang='lat' dir='ltr'><strong>est</strong></span> 
     </span>
     <span class='ocr_line' id='line_1_71' title="bbox 1762 4070 2812 4139; baseline -0.007 -14"><span class='ocrx_word' id='word_1_393' title='bbox 1762 4076 2090 4139; x_wconf 55' lang='lat' dir='ltr'><strong>miratu,</strong></span> <span class='ocrx_word' id='word_1_394' title='bbox 2122 4089 2223 4124; x_wconf 88' lang='lat' dir='ltr'><strong>uon</strong></span> <span class='ocrx_word' id='word_1_395' title='bbox 2259 4088 2381 4123; x_wconf 88' lang='lat' dir='ltr'><strong>vero</strong></span> <span class='ocrx_word' id='word_1_396' title='bbox 2412 4088 2444 4122; x_wconf 83' lang='lat' dir='ltr'><strong>a</strong></span> <span class='ocrx_word' id='word_1_397' title='bbox 2472 4072 2698 4134; x_wconf 74' lang='lat' dir='ltr'><strong>mag-ister</strong></span> <span class='ocrx_word' id='word_1_398' title='bbox 2726 4070 2812 4117; x_wconf 76' lang='lat' dir='ltr'><strong>in·</strong></span> 
     </span>
     <span class='ocr_line' id='line_1_72' title="bbox 1765 4149 2677 4215; baseline -0.009 -12"><span class='ocrx_word' id='word_1_399' title='bbox 1765 4152 2009 4209; x_wconf 83' lang='lat' dir='ltr'><strong>mediate.</strong></span> <span class='ocrx_word' id='word_1_400' title='bbox 2035 4160 2093 4202; x_wconf 83' lang='lat' dir='ltr'><strong>ut</strong></span> <span class='ocrx_word' id='word_1_401' title='bbox 2116 4151 2318 4215; x_wconf 76' lang='lat' dir='ltr'><strong>putavit</strong></span> <span class='ocrx_word' id='word_1_402' title='bbox 2338 4150 2524 4199; x_wconf 83' lang='lat' dir='ltr'><strong>Varro.</strong></span> <span class='ocrx_word' id='word_1_403' title='bbox 2558 4149 2677 4199; x_wconf 66' lang='lat' dir='ltr'><strong>Du.</strong></span> 
     </span>
    </p>

    <p class='ocr_par' dir='ltr' id='par_1_23' title="bbox 1765 4218 2810 4369">
     <span class='ocr_line' id='line_1_73' title="bbox 1832 4218 2810 4292; baseline -0.01 -14"><span class='ocrx_word' id='word_1_404' title='bbox 1832 4238 1854 4286; x_wconf 57' lang='grc' dir='ltr'><strong>γ</strong></span> <span class='ocrx_word' id='word_1_405' title='bbox 1890 4225 2205 4292; x_wconf 68' lang='lat' dir='ltr'><strong>Magister-ia]</strong></span> <span class='ocrx_word' id='word_1_406' title='bbox 2256 4225 2435 4276; x_wconf 78' lang='lat' dir='ltr'><strong>Verba</strong></span> <span class='ocrx_word' id='word_1_407' title='bbox 2466 4223 2611 4275; x_wconf 80' lang='lat' dir='ltr'><strong>Festi</strong></span> <span class='ocrx_word' id='word_1_408' title='bbox 2644 4235 2706 4271; x_wconf 82' lang='lat' dir='ltr'><strong>ex</strong></span> <span class='ocrx_word' id='word_1_409' title='bbox 2738 4218 2810 4268; x_wconf 78' lang='grc' dir='ltr'><strong>Ιιὴ</strong></span> 
     </span>
     <span class='ocr_line' id='line_1_74' title="bbox 1765 4298 2810 4369; baseline -0.011 -12"><span class='ocrx_word' id='word_1_410' title='bbox 1765 4305 1918 4358; x_wconf 87' lang='lat' dir='ltr'><strong>Pauli</strong></span> <span class='ocrx_word' id='word_1_411' title='bbox 1956 4303 2124 4355; x_wconf 83' lang='lat' dir='ltr'><strong>verbis</strong></span> <span class='ocrx_word' id='word_1_412' title='bbox 2167 4302 2453 4369; x_wconf 69' lang='lat' dir='ltr'><strong>iutelligest</strong></span> <span class='ocrx_word' id='word_1_413' title='bbox 2492 4298 2810 4352; x_wconf 75' lang='lat' dir='ltr'><strong>addebantur</strong></span> 
     </span>
    </p>
   </div>
  </div>
 </body>
</html>
