3020 4853
555 374 685 442 398

1247 388 1388 437 SBX
1401 388 1475 436 '1⁸1
1527 388 1671 437 Pom
1687 387 1834 437 1²13ss
1887 390 2094 441 Fsss'ri

641 542 950 617 matrem3
996 535 1174 599 malo
1220 553 1420 599 cruce
1466 534 1837 600 masculino
1876 554 2112 619 genere
2142 553 2293 600 cum
2326 532 2502 600 dixit
2532 534 2731 601 Grac·

644 639 809 704 chus
841 641 911 704 in
942 639 1261 715 oratione,
1311 658 1466 721 quae
1519 647 1627 703 est
1679 640 1746 702 in
1789 638 1869 704 Ρ.
1900 639 2244 724 Popilium
2294 640 2733 723 posteriore‚¹⁹

644 749 778 808 tam
812 743 1317 826 repraesentavit
1344 742 1687 825 antiquam
1723 743 2301 823 consuetudinem,
2332 761 2536 829 quam
2566 741 2732 806 bunc

640 846 942 922 frontem,
975 853 1177 928 atque
1207 845 1381 909 bunc
1411 846 1682 930 stirpem
1735 846 1940 911 iidem
1982 848 2238 932 antiqui
2287 846 2633 911 dixerunt:
2674 855 2734 908 et

641 968 870 1014 rursus
900 950 1070 1013 hanc
1098 950 1350 1034 lupum,
1395 955 1460 1013 et
1505 949 1674 1014 hanc
1717 956 1979 1016 metum.
2066 949 2234 1016 Item
2276 947 2635 1014 cumidem
2669 948 2731 1010 in

641 1050 988 1136 Popilium
1018 1059 1085 1119 et
1112 1060 1450 1117 matronas
1480 1053 1599 1130 ait,
1628 1072 1711 1116 eo
1743 1054 2058 1140 exemplo
2088 1053 2417 1120 instituto.
2484 1052 2730 1134 Dignus

641 1151 774 1218 fuit
803 1155 920 1237 qui
949 1154 1126 1219 malo
1156 1151 1355 1220 cruce
1383 1156 1645 1241 periret.

559 1252 909 1334 Matellio,¹
941 1230 1418 1324 deminutivum
1447 1278 1489 1323 a
1519 1259 1788 1325 matula.

2470 1259 2730 1345 [Paos.

559 1358 1118 1427 materfamiliaem
1162 1380 1299 1426 non
1345 1369 1497 1428 anto
1543 1363 1913 1444 dicebatur,
1944 1382 2148 1448 quam
2176 1364 2279 1429 vir
2320 1363 2472 1449 ejus
2516 1369 2734 1447 pater-

1465 1544 1832 1567 mO‘On‘OOO

619 1665 683 1713 19
715 1661 814 1715 Ed.
837 1662 972 1714 Seal.
989 1663 1316 1730 posteriorem.
1387 1664 1522 1714 Vide
1547 1664 1728 1717 Notas.

1544 1863 1761 1915 NOTAE

554 1982 659 2038 tre,
686 1980 701 2006 ⁸
722 1975 965 2036 erucem‚’
1000 1976 1282 2041 ‘stirpem,'
1321 1976 1613 2029 ‘frontem'

554 2053 834 2102 masculino
848 2065 1036 2117 genere
1052 2052 1241 2103 dixisse
1255 2055 1475 2105 Veteres
1489 2071 1613 2107 con·

554 2134 681 2192 stat,
701 2135 757 2177 ut
778 2130 795 2159 ‘
819 2128 1032 2193 lupum‚’
1055 2131 1072 2160 ⁴
1093 2138 1284 2181 metum
1302 2129 1315 2151 '
1331 2129 1613 2182 foemioiuo.

554 2203 811 2268 Exempla
853 2214 975 2269 pete
1016 2220 1046 2254 a
1085 2206 1272 2257 Nouio.
1338 2208 1440 2258 Sed
1478 2209 1610 2259 male

552 2280 635 2330 hie
652 2280 856 2332 duasC.
874 2281 1102 2332 Gracchi
1123 2285 1385 2335 orationes
1404 2300 1433 2334 a
1453 2287 1610 2336 Festo

551 2358 753 2409 laudari
792 2368 1043 2424 putarunt
1077 2362 1170 2410 viri
1205 2363 1364 2421 docti,
1388 2378 1505 2413 cum
1542 2365 1610 2414 de

551 2450 651 2486 uua
685 2443 885 2488 tantum
924 2440 1117 2489 mentio
1138 2438 1275 2491 facta
1306 2442 1394 2503 sit,
1426 2449 1485 2492 ut
1519 2456 1613 2507 op-

549 2514 674 2565 time
703 2517 902 2567 monuit
933 2516 1182 2581 Scaliger.
1248 2520 1383 2570 Nam
1417 2534 1534 2584 quae
1561 2520 1613 2568 in

548 2589 655 2642 fine
696 2592 960 2658 leguntur,
1002 2595 1141 2654 leem,
1183 2598 1262 2659 qo.
1308 2611 1409 2647 non
1466 2598 1609 2647 Festi

547 2667 642 2717 sed
662 2667 888 2720 Grucelii
913 2671 1071 2722 verba
1105 2681 1223 2722 sunt
1257 2687 1323 2723 ex
1348 2674 1461 2737 ejus
1495 2688 1611 2723 ora-

549 2745 713 2810 tione,

547 2822 869 2890 Iem,iuquit
884 2826 1170 2892 Gracchus,
1184 2843 1289 2877 em
1304 2829 1427 2878 idem
1442 2828 1612 2893 (nem-

756 2748 843 2796 ‘iu
891 2750 954 2800 P.
994 2751 1255 2815 Popilium
1293 2752 1620 2815 posteriore.’

1694 1978 1822 2043 tuln,
1840 1979 2069 2044 matella,
2085 1977 2332 2041 matellio,
2348 1991 2441 2026 vas
2464 1975 2735 2041 aquarium,

1690 2057 1932 2122 ἀριηιώνα,
1955 2058 2080 2108 item
2107 2071 2193 2107 vas
2227 2054 2292 2105 ad
2326 2055 2530 2105 urinam
2563 2053 2739 2116 reeipi-

1689 2135 1897 2184 eudam.
1952 2135 2125 2185 Gloss.
2173 2132 2468 2195 ‘Matella,
2520 2128 2739 2194 obp-mir,

1689 2210 1831 2271 apis)
1864 2212 2016 2262 Idea.

1753 2298 1788 2324 ¹·
1820 2288 2200 2353 marafin-ilia]
2258 2289 2392 2341 Qum
2448 2287 2534 2337 hie
2590 2285 2740 2335 babet

1690 2368 1899 2429 Festus,
1920 2383 1999 2432 ea,
2022 2368 2208 2434 partim
2233 2379 2376 2428 vera,
2400 2365 2590 2429 partim
2618 2361 2741 2412 falsa

1687 2452 1825 2497 sunt.
1868 2443 2064 2496 Verum
2086 2452 2164 2495 est
2186 2441 2627 2494 matremfamilias
2646 2454 2740 2489 non

1689 2528 1845 2572 antea
1867 2523 2077 2583 dictam,
2099 2534 2249 2587 quam
2273 2519 2352 2567 vir
2373 2519 2488 2584 ejus
2523 2514 2741 2582 paterfa-

1689 2600 1873 2649 milias.
1943 2598 2080 2649 N‘am
2101 2594 2483 2647 materfamilias
2519 2594 2741 2658 proprie,

1690 2684 1750 2727 ut
1769 2677 1844 2726 ait
1864 2677 2073 2727 Servius
2097 2688 2176 2725 rx.
2197 2672 2400 2722 AEneid.
2425 2672 2518 2721 illa
2539 2671 2739 2729 dicitur,

1690 2770 1804 2820 qun
1848 2754 1900 2803 in
1945 2751 2321 2803 matrimonium
2366 2747 2612 2799 convenit
2653 2758 2741 2809 per

1689 2831 2099 2880 conventionem.
2168 2827 2302 2877 Nam
2348 2839 2444 2890 per
2489 2822 2738 2889 quandam

544 2913 615 2963 pe
652 2900 917 2968 Popilius)
939 2903 991 2953 ia
1017 2906 1255 2968 populum,
1288 2910 1334 2954 et
1367 2910 1613 2956 matronas
1679 2906 1815 2970 juris
1835 2906 2199 2956 solennitatem
2223 2903 2275 2953 in
2289 2901 2538 2952 familiam
2557 2899 2742 2963 migrat

541 2978 614 3026 ait
634 2977 737 3041 (sie
760 2981 957 3043 optime
980 2985 1205 3032 correxit
1221 2983 1471 3047 Scaliger,
1491 2998 1607 3033 eum

546 3056 684 3105 male
707 3057 792 3106 alii
824 3059 876 3107 in
899 3060 1136 3122 Popilium
1153 3066 1201 3110 et
1225 3060 1533 3126 Mathonem)
1555 3077 1608 3111 eo

545 3136 757 3197 amplo
776 3134 1012 3194 Mitule,
1032 3138 1206 3199 dignus
1227 3138 1351 3203 fuit,
1376 3139 1459 3203 qai
1483 3141 1604 3188 mulo

542 3224 679 3259 mee
710 3212 903 3275 periret.
973 3213 1284 3264 Adversario
1316 3231 1409 3266 suo
1443 3216 1605 3280 Popi-

544 3288 615 3337 lio
632 3287 899 3339 Gracchus
922 3290 1025 3341 duo
1041 3292 1344 3355 exprobrat.
1380 3295 1447 3344 Et
1464 3294 1603 3359 quod

544 3364 598 3412 in
644 3365 892 3428 populum
933 3367 1282 3419 debacchatus
1327 3371 1412 3427 sit,
1452 3385 1602 3436 quem

547 3439 634 3503 qui
658 3438 925 3494 offendunt
950 3446 1233 3508 majestatis
1255 3449 1603 3512 postulantur,

544 3523 599 3565 et
636 3515 688 3565 in
726 3523 1009 3575 matronas.
1049 3523 1134 3587 qui
1175 3537 1343 3582 sexus,
1375 3525 1602 3574 omnimo

544 3605 818 3654 consensu,
855 3596 1028 3647 multis
1064 3599 1319 3661 presidiis
1356 3601 1605 3661 munitur,

543 3677 700 3736 atque
721 3671 853 3722 adeo
886 3674 1020 3739 quod
1045 3675 1150 3724 tale
1183 3677 1474 3739 exemplum
1512 3676 1602 3726 de·

543 3745 698 3811 derit,
716 3748 823 3811 (est
854 3751 992 3801 enim
1017 3759 1199 3801 eontra
1225 3752 1365 3816 leges
1398 3759 1453 3802 et
1479 3767 1602 3802 con-

542 3830 625 3874 tra
648 3823 809 3876 bonos
833 3827 1049 3894 mores,)
1067 3829 1278 3893 dignum
1303 3827 1459 3879 fuisse
1482 3845 1598 3881 eum

540 3900 559 3928 ⁴
582 3901 668 3965 qui
690 3902 823 3953 malo
838 3918 992 3955 cruce
1009 3906 1242 3971 periret!
1293 3906 1466 3971 Hujus
1482 3923 1598 3957 ora·

542 3978 699 4028 tionis
738 3978 967 4032 Gracchi
1013 3984 1067 4032 in
1106 3985 1365 4048 Popilium
1405 3986 1598 4036 mentio

539 4062 687 4105 extat
708 4056 863 4106 etiam
888 4058 1024 4122 apud
1049 4060 1294 4113 Gellium.
1318 4062 1442 4112 Duc.

604 4129 621 4163 ¹
651 4132 893 4197 Maeuio]
926 4137 943 4163 ⁴
968 4135 1201 4186 Matellio
1223 4139 1473 4204 amntula
1489 4137 1596 4189 dic·

540 4214 645 4270 tus,
669 4218 725 4260 et
757 4209 928 4261 dietus
962 4221 1295 4278 posteaquam
1329 4217 1531 4279 longius
1568 4233 1596 4266 a

539 4280 707 4345 figura
726 4287 933 4337 matula
956 4288 1227 4340 discessit-³
1258 4293 1444 4343 Varro.
1482 4293 1597 4343 Ma-

1689 2984 1875 3034 mariti.
1939 2983 2132 3031 Verum
2154 2989 2235 3031 est
2254 2979 2416 3029 etiam
2449 2992 2552 3027 non
2574 2976 2740 3042 plures

1688 3074 1809 3123 nna,
1826 3060 1924 3110 hoe
1944 3059 2168 3117 nomine,
2189 3057 2241 3108 in
2259 3070 2361 3107 nna
2378 3054 2592 3105 familia.
2639 3054 2740 3103 Ne·

1685 3152 1787 3203 que
1819 3138 2032 3187 enimin
2069 3150 2171 3187 uua
2200 3135 2392 3185 familia
2415 3134 2592 3198 plnres
2624 3144 2743 3181 uxo-

1688 3230 1784 3266 res.
1848 3215 2002 3265 Hune
2056 3215 2226 3265 locum
2271 3211 2499 3277 pessime
2541 3208 2741 3271 accepit

1685 3294 2011 3345 doctissimus
2046 3292 2388 3346 Hotomanus,
2410 3289 2502 3354 qui
2533 3287 2627 3352 ait,
2645 3300 2740 3335 nou

1685 3377 2086 3421 cousentaneum
2126 3382 2261 3432 esse,
2291 3375 2351 3417 ut
2384 3366 2429 3416 si
2462 3378 2639 3415 socrus
2671 3361 2740 3410 vi·

1685 3457 1794 3511 vat,
1839 3462 1954 3513 qua
1994 3444 2382 3497 materfamilias
2433 3441 2737 3506 appelletur,

1684 3538 1842 3574 nurus
1880 3523 2099 3573 eandem
2139 3521 2448 3586 dignitatem
2488 3517 2736 3567 obtineat.

1682 3600 1849 3651 Immo
1885 3600 2108 3650 maxime
2145 3604 2550 3648 consentaneum
2578 3603 2636 3644 et
2656 3607 2735 3641 ve·

1684 3691 1793 3726 rum
1836 3683 1932 3738 est,
1972 3682 2080 3725 tam
2117 3687 2319 3732 nurum,
2352 3687 2508 3738 quam
2541 3685 2735 3723 socrum

1681 3752 2116 3803 matremfamilias
2175 3751 2387 3802 dictam.
2454 3749 2610 3804 Quod
2653 3749 2733 3799 ad·

1679 3831 1759 3882 dit
1796 3832 1998 3894 Festus,
2027 3832 2043 3859 ‘
2069 3829 2161 3879 sed
2197 3842 2296 3878 nec
2336 3827 2495 3878 vidua
2527 3829 2624 3879 boe
2653 3841 2734 3877 eo·

1680 3907 1852 3972 mine‚’
1874 3921 2048 3957 verum
2077 3912 2179 3969 est,
2209 3905 2435 3972 antiquo
2465 3904 2601 3955 illios
2620 3917 2734 3955 eon-

1679 3986 1965 4038 suetudinis
1980 3985 2158 4036 habita
2174 3984 2372 4035 ratione
2387 3998 2404 4045 ς
2423 3997 2592 4051 neque
2605 3982 2730 4031 enin

1680 4062 2069 4113 materfamilias
2106 4062 2207 4112 diei
2240 4067 2468 4126 poterat,
2507 4073 2622 4126 qun
2651 4056 2731 4107 de·

1679 4143 1839 4191 sierat
1880 4155 1998 4191 esse
2036 4141 2090 4191 in
2131 4139 2228 4189 viri
2267 4137 2478 4188 familia.
2545 4136 2727 4187 Postea

1679 4227 1869 4279 tamen,
1907 4225 2013 4268 tam
2054 4217 2219 4270 vidua.
2265 4229 2417 4280 quam
2463 4220 2640 4278 nupta,
2675 4216 2728 4259 at

1677 4300 1913 4357 matrone,
1938 4295 2012 4345 sic
2050 4302 2106 4345 et
2137 4292 2497 4352 materfamilias
2531 4287 2722 4340 diceb·-
