3020 4853
541 319 675 386 234

547 480 902 560 Electabo,
950 480 1211 546 eliciam
1220 488 1265 542 ‚³¹

1219 332 1447 384 Sssx‘l’i
1496 334 1644 383 ΡΟΜ
1659 335 1806 384 ΡΕΙΙ
1858 335 2067 387 ΒΒΕΊΊ

551 584 801 650 Elicesr
827 584 995 650 sulci
1019 584 1305 669 aquarii,
1331 603 1449 668 per
1470 603 1645 668 quos
1663 601 1840 669 aqua
1867 583 2167 649 collecta
2184 584 2487 650 educitur
2510 605 2550 650 e
2580 587 2740 652 litia.

546 688 895 772 Elinguem
919 695 941 723 ⁸
978 688 1123 753 sine
1152 688 1404 770 lingua.

547 791 775 857 Elixa‘
803 811 844 855 a
873 790 1138 874 liquore
1161 790 1366 856 dicta.

547 895 828 960 Elucum
850 902 878 929 ¹¹
908 894 1241 977 significat
1268 893 1681 977 languidum,
1712 912 1795 958 ac
1826 893 2328 971 semisomnum,
2360 893 2494 973 vel,
2527 899 2604 956 ut
2632 893 2741 957 alii

632 999 890 1076 volunt,
924 997 1456 1077 allucinatorem,
1486 1006 1555 1061 et
1579 1015 1904 1078 nugarum
1956 1003 2344 1075 amatorem,
2375 996 2525 1061 sive
2565 998 2748 1062 halo·

635 1122 807 1178 nem,
835 1101 908 1169 id
939 1110 1064 1178 est,
1090 1101 1400 1167 hesterno
1440 1101 1602 1166 vino
1632 1099 2082 1183 languentem,
2114 1120 2313 1184 quem
2359 1096 2531 1164 ἕωλον
2568 1101 2758 1166 voci·-

637 1211 778 1269 tant
813 1202 1060 1269 Graeci.

1543 1355 1754 1408 NOTAE

548 1454 566 1484 ‘
583 1456 715 1507 Nam
741 1455 816 1505 ita
847 1462 966 1505 sunt
996 1455 1086 1504 hic
1109 1456 1413 1505 meretrices
1434 1468 1610 1505 omnes

550 1532 799 1582 elecebrae
846 1530 1190 1595 argentarioe.'
1254 1530 1426 1596 Vulgo
1457 1532 1613 1582 ium·

548 1609 646 1658 broe
668 1608 956 1671 argentario
978 1607 1182 1671 legitur.
1216 1606 1322 1657 δυο.
1347 1607 1480 1657 διαί.

613 1684 875 1747 Ezecebrae]
904 1683 1138 1747 Respicit
1159 1681 1223 1731 ad
1239 1684 1406 1733 locum
1425 1684 1607 1735 Plauti

550 1762 806 1812 Mena-cb.
839 1774 905 1810 n.
942 1764 992 1811 3.
1044 1762 1060 1788 ⁸
1082 1760 1216 1810 Nam
1255 1760 1332 1811 ita
1368 1770 1486 1813 sunt
1522 1762 1607 1812 hic

550 1840 847 1890 meretrices
879 1852 1054 1888 omnes
1086 1837 1342 1890 elecebrae
1370 1848 1611 1905 argenta·

547 1918 675 1968 rim!
709 1918 831 1968 Dae.
1117 1932 1122 1939 ·

614 2003 639 2037 *ι
673 1994 918 2057 Electabo,
937 1996 1145 2059 eliciam]
1179 1996 1353 2049 Plaut.
1378 1994 1525 2046 Asin.
1544 2009 1613 2045 ιι.

549 2075 600 2120 2.
623 2074 639 2099 ‘
660 2070 794 2122 Quae
816 2072 961 2122 istaec
982 2075 1162 2137 praeda
1178 2074 1300 2124 est?
1323 2073 1410 2124 ibo
1430 2072 1614 2123 advor-

550 2161 662 2197 sum
703 2156 860 2214 atque
900 2149 1137 2200 electabo
1176 2149 1446 2217 Quidquid
1491 2151 1617 2201 est.'

553 2225 688 2274 Vide
712 2226 728 2253 ⁸
745 2225 943 2276 adlicit’
961 2235 1015 2277 et
1040 2227 1056 2255 ‘
1074 2226 1234 2279 lacit!
1267 2228 1419 2278 Idem.

615 2309 636 2334 ¹·
667 2303 850 2367 Elices]
885 2303 1236 2357 Glossarium:
1284 2313 1297 2335 ⁸
1321 2305 1461 2368 Elia,
1498 2304 1613 2354 ba·

547 2379 666 2441 πνοὴ
685 2377 896 2444 ὄχηοῦ.’
940 2385 955 2410 ‘
981 2383 1287 2441 Elicstores,
1307 2379 1616 2447 &mabam-⁸

549 2461 693 2510 Male
719 2468 963 2523 putantur
999 2461 1103 2511 dici
1145 2458 1301 2510 ἕλικες
1333 2461 1523 2511 Graece
1561 2460 1613 2510 in

546 2537 639 2586 lib.
667 2552 704 2587 ι.
737 2538 810 2587 D.
835 2537 900 2586 de
936 2553 1069 2604 aqua
1099 2546 1156 2588 et
1192 2553 1338 2603 aquae
1374 2539 1517 2603 pluv.
1559 2537 1613 2587 iu

549 2615 833 2664 pandectis
853 2615 1184 2665 Florentinis.
1251 2615 1435 2681 Neque
1458 2615 1615 2678 enim,

550 2699 606 2741 ut
632 2699 776 2756 puto,
810 2707 1031 2756 unquam
1071 2692 1123 2742 id
1155 2693 1411 2759 Ulpianus
1450 2694 1613 2758 scrip·

554 2775 711 2818 serat.
744 2768 854 2819 Jos.
874 2768 1003 2819 θοαὶ.

617 2843 799 2907 Elices]
868 2846 951 2895 Ab
990 2844 1246 2896 eliciendo
1285 2845 1445 2896 elices
1485 2844 1613 2895 dicti

557 2924 690 2972 sulci
724 2936 817 2986 per
854 2937 981 2987 quos
1021 2937 1156 2987 aqna
1189 2937 1219 2972 e
1264 2922 1391 2985 liris,
1426 2923 1477 2972 id
1517 2932 1616 2986 est,

560 3001 715 3049 sulcis
735 3000 1041 3064 minoribus,
1065 3006 1216 3050 extra
1235 3009 1466 3064 segetem
1489 2999 1612 3050 edu-

554 3075 709 3125 citur.
775 3075 976 3124 Colum.
1017 3076 1108 3126 lib.
1130 3090 1196 3126 u.
1225 3090 1341 3141 cap.
1359 3081 1409 3127 8.
1475 3076 1617 3127 ‘Sed

547 3150 779 3214 quamvis
826 3151 1133 3215 tempestive
1190 3152 1434 3203 sementia
1487 3167 1613 3203 con·

548 3226 691 3276 fecta
712 3226 835 3288 erit,
857 3226 1122 3276 cavebitur
1146 3233 1317 3279 tamen
1343 3235 1401 3278 ut
1427 3235 1614 3293 paten-

546 3311 624 3352 tes
647 3302 788 3365 litas,
808 3302 1120 3370 crebrosque
1139 3307 1313 3356 suleos
1352 3307 1612 3378 aquarios,

548 3393 678 3444 quos
711 3379 945 3430 nonnulli
990 3381 1146 3431 elices
1204 3390 1413 3441 vocant,
1449 3382 1613 3435 sacia-

548 3456 695 3507 mus!
733 3458 860 3508 Duc.

609 3543 628 3568 ·
661 3534 945 3600 ming-rem]
968 3535 1044 3586 Ut
1064 3537 1080 3564 ⁸
1109 3537 1428 3603 Elinguatio,
1445 3547 1613 3601 γλωσ-

541 3610 780 3672 σοτομία.’
811 3613 920 3663 Jos.
946 3611 1077 3664 Saul.

611 3689 895 3752 Elinguem]
965 3691 1050 3740 Sic
1093 3691 1248 3756 infra,
1302 3693 1615 3757 ‘elumbem,

444 3795 459 3810 .
544 3767 723 3816 avulso
747 3767 953 3818 lumbo!
1005 3768 1285 3833 Elinguare
1304 3770 1439 3821 dixit
1457 3771 1613 3821 Plau-

546 3851 631 3894 tus
668 3845 888 3909 lingnam
931 3846 1237 3910 praecidere,
1276 3847 1452 3900 Aulul.
1478 3854 1611 3901 11.2.

544 3922 632 3970 ‘Si
678 3922 852 3971 hercle
891 3936 988 3984 ego
1026 3928 1080 3971 te
1114 3937 1213 3973 non
1249 3924 1612 3989 elinguandam

545 3996 741 4047 dedero
767 4012 923 4061 usqne
942 3997 1007 4046 ab
1033 3999 1327 4050 radicibus-¹
1361 4000 1487 4052 Duc.

610 4074 626 4105 ⁸
663 4071 833 4135 Elisa]
867 4073 997 4123 Qnae
1038 4073 1089 4121 in
1123 4089 1259 4139 aqua
1281 4083 1430 4126 cocta
1465 4083 1603 4140 sunt,

544 4164 572 4198 a
596 4149 792 4213 liquore
818 4162 968 4212 quem
991 4149 1065 4198 lix
1086 4149 1350 4202 dicebant.
1409 4153 1470 4202 ld
1490 4170 1605 4204 sen-

543 4225 611 4276 tit
636 4225 784 4275 Varr.
813 4225 904 4275 lib.
944 4240 1022 4277 ιν.
1058 4227 1122 4278 de
1160 4228 1219 4279 L.
1252 4230 1313 4280 1..
1363 4230 1600 4284 ‘Elixum

1692 1460 1773 1505 est
1796 1469 1825 1504 a
1846 1454 2049 1519 liquore
2073 1469 2223 1518 aquae
2254 1452 2570 1504 deductum!
2601 1455 2749 1505 Iden.

1757 1539 1781 1565 ¹
1815 1532 2037 1596 Elam]
2090 1533 2195 1582 Pro
2240 1531 2353 1595 ipso
2401 1528 2596 1581 affectu
2629 1533 2750 1581 Ter·

1690 1607 1935 1657 tullianus
1954 1610 2011 1657 iu*
2030 1607 2160 1658 libro
2198 1607 2264 1657 de
2294 1622 2508 1669 corona,
2529 1622 2645 1659 cnm
2679 1610 2749 1659 ait

1687 1684 1787 1734 ‘ab
1823 1685 1973 1735 eluco
2011 1682 2320 1734 defensare!
2384 1684 2447 1733 Id
2480 1684 2617 1733 enim
2654 1694 2752 1747 est,

1689 1760 1783 1810 ἀπὸ
1814 1762 1904 1819 τῆς
1939 1760 2272 1826 masmim.
2330 1761 2400 1811 Et
2430 1761 2641 1812 Gellius
2665 1761 2750 1813 lib.

1687 1850 1807 1888 xvi.
1847 1852 1965 1903 cap.
1992 1842 2072 1887 12.
2105 1838 2442 1888 ‘tarditatem
2482 1839 2658 1897 animi,
2695 1846 2750 1887 et

1686 1922 1972 1979 stuporem,
2021 1916 2109 1981 qui
2148 1915 2582 1965 hallucinantihus
2643 1917 2751 1979 ple·

1689 2007 1905 2058 rumque
1927 2007 2018 2042 usu
2046 1991 2219 2043 venit.'
2253 1992 2364 2042 ὅσα.
2387 1991 2516 2042 Scel-

1762 2070 1984 2136 Εἱιισιυιι]
2021 2070 2068 2120 Α
2091 2070 2280 2121 Graeco
2301 2068 2470 2130 ἕωλος,
2494 2070 2754 2119 Μαίη-πυ.

1691 2149 1877 2199 Festus
1903 2148 2109 2199 videtur
2143 2147 2401 2198 deducere
2434 2149 2750 2212 transposito

1695 2228 1713 2277 1
1736 2236 1789 2277 et
1814 2227 1993 2278 addito
2014 2243 2058 2290 c,
2082 2227 2158 2277 ita
2183 2235 2240 2277 ut
2264 2227 2305 2276 is
2331 2226 2509 2275 Elaeus
2530 2224 2752 2288 dicatur,

1695 2304 1785 2368 qui
1824 2305 2069 2354 hesterno
2109 2305 2247 2365 vino,
2290 2302 2543 2352 hesternis
2587 2304 2751 2368 epulis

1695 2381 1929 2447 languet,
1950 2380 2088 2433 unde
2109 2388 2165 2431 et
2187 2379 2324 2431 infra
2346 2381 2433 2431 lib·
2457 2395 2589 2431 vm.
2648 2382 2754 2433 He·

1696 2460 1867 2510 lucum
1893 2459 1958 2510 ab
1980 2459 2123 2509 hiatu
2144 2467 2197 2508 et
2220 2459 2527 2508 oscitatione
2559 2459 2753 2509 dictum

1697 2536 1899 2586 scribit.
1966 2535 2040 2585 At
2075 2535 2274 2586 Gellius
2314 2535 2403 2585 lib.
2442 2548 2567 2585 xvt.
2603 2541 2754 2588 c.12.

1690 2613 1954 2664 ‘Cloatius
1988 2610 2193 2673 Verus,’
2228 2605 2423 2677 inquit,
2479 2612 2754 2662 ‘alucinari

1692 2689 1884 2741 factum
1930 2690 2116 2740 scribit
2161 2704 2226 2738 ex
2266 2704 2331 2740 eo
2376 2688 2514 2754 quod
2566 2689 2754 2739 dicitnr

1694 2768 1881 2818 Graece
1912 2764 2092 2830 ἀλύειν,
2126 2765 2264 2817 unde
2304 2766 2511 2817 elucum
2550 2782 2753 2833 qnoque

1694 2861 1808 2897 esse
1833 2854 2001 2910 putat,
2022 2863 2052 2896 a
2076 2848 2230 2895 litera
2246 2845 2297 2895 in
2320 2861 2345 2895 e
2362 2859 2633 2911 conversa,
2654 2855 2753 2895 tar·

1697 2922 1913 2974 ditatem
1936 2922 2193 2989 quandam
2211 2922 2364 2972 animi
2388 2937 2450 2972 ac
2472 2930 2756 2987 stuporem,

1696 2999 1784 3066 qni
1842 2999 2244 3050 allucinantibus
2317 2999 2624 3064 plerumque
2663 3014 2752 3049 usu

1697 3076 1875 3129 venit!
1941 3077 2093 3127 Unde
2116 3076 2404 3141 colligimus
2421 3078 2621 3140 clueant,
2655 3091 2753 3127 nou

1695 3157 1859 3205 solum
1893 3152 2210 3219 languidum,
2231 3155 2611 3211 semisomuum,
2633 3154 2754 3204 allu-

1693 3232 2005 3295 cinatorem,
2042 3232 2151 3281 sive
2183 3231 2421 3281 halonem
2444 3231 2752 3296 significare,

1693 3312 1784 3363 sed
1822 3312 1979 3362 etiam
2020 3310 2253 3363 morbum
2292 3312 2373 3361 vel
2414 3310 2655 3362 affectum
2681 3314 2753 3376 ip-

1693 3404 1804 3440 sum
1844 3390 1911 3439 ob
1952 3389 2179 3438 hesterni
2237 3389 2342 3438 vini
2397 3389 2753 3453 repletionem,

1695 3481 1850 3531 quem
1873 3465 2046 3515 Gra-ci
2066 3463 2381 3528 ἑωλοκρασίαν
2403 3472 2612 3514 vocant.
2674 3466 2754 3514 Sic

1692 3543 2040 3592 Tertullianus
2064 3543 2198 3591 dixit
2231 3543 2248 3569 ‘
2266 3541 2330 3590 ab
2359 3541 2544 3592 heluco
2579 3541 2752 3591 defeu-

1692 3617 1848 3678 sare,'
1869 3618 1965 3667 hoc
1984 3626 2083 3674 est.
2097 3618 2160 3667 ab
2178 3619 2405 3668 hesterni
2423 3620 2528 3668 cibi
2551 3621 2630 3668 vel
2656 3620 2754 3668 vini

1690 3695 1990 3759 gravedine.
2054 3695 2135 3743 De
2174 3703 2349 3758 etymo
2388 3704 2565 3746 autem
2607 3698 2751 3747 Festo

1691 3774 1864 3836 potins
1879 3774 2152 3834 assentior,
2168 3774 2261 3822 nisi
2287 3775 2430 3823 malis
2446 3777 2627 3825 elue-tm
2645 3790 2750 3827 esse

1689 3852 1835 3916 quasi
1870 3866 1896 3901 e
1931 3851 2052 3912 luce,
2091 3849 2143 3897 id
2183 3857 2280 3907 est,
2319 3850 2429 3900 sine
2473 3850 2612 3903 luce.
2680 3852 2751 3901 De

1689 3928 1705 3955 ⁴
1727 3925 2015 3977 alucinari.’
2082 3926 2215 3975 Vide
2238 3928 2255 3955 ‘
2274 3925 2593 3978 alucinatio.’
2658 3929 2751 3978 Sed

1690 4005 1896 4054 omnino
1924 4005 2105 4053 Elaeus
2128 4011 2210 4053 cst
2241 4018 2307 4053 ex
2342 4004 2535 4055 Graeco
2564 4004 2753 4068 ἠλνγός.

1687 4081 1916 4132 Tardum
1959 4087 2012 4130 et
2051 4080 2293 4129 hebetem
2340 4081 2607 4144 significat
2644 4097 2750 4148 pro-

1687 4158 1820 4222 prie,
1862 4157 1943 4206 vel
1993 4155 2290 4206 tarditatem
2350 4170 2411 4205 ac
2472 4166 2750 4223 stuporem·

1683 4233 1871 4297 Ἦλυγὰ
1891 4233 1975 4297 ὄρη
2015 4232 2152 4299 apud
2192 4231 2397 4299 poetam
2427 4242 2660 4288 veterem
2695 4236 2750 4285 τὰ
