3020 4853
529 366 625 414 ΒΕ
678 362 1097 414 VERBORUM
1149 361 1775 412 smmrloA'moNR
1828 362 1970 410 mn.
2019 361 2185 410 xvl.

2315 343 2472 433 ⁷831

235 512 580 579 Romulus
630 521 701 578 et
753 512 1012 579 Remus
1061 531 1106 577 a
1157 511 1428 589 virtute,
1471 508 1598 574 boc
1647 514 1772 586 est,
1808 526 1850 573 a
1889 508 2131 573 robore
2173 508 2446 594 [ΡΛυι.

327 618 649 702 appellati
681 624 859 682 sunt.

233 718 609 786 Rorarios⁸
659 721 911 786 milites
959 721 1316 797 vocabant,
1362 718 1476 803 qui
1522 716 1652 780 levi
1685 722 2019 781 armatura
2045 715 2245 801 primi
2275 737 2448 802 prae·

328 823 494 889 lium
540 825 1091 905 committebant3
1143 822 1349 909 quod,
1403 828 1480 886 ut
1528 827 1679 885 ante
1725 820 2001 884 imbrem
2049 820 2183 884 fere
2225 840 2447 886 rorare

335 926 539 1003 solet,
568 927 669 990 sic
698 926 822 1004 illi,
870 934 1028 992 ante
1075 944 1342 1009 gravem
1388 932 1792 989 armaturam
1836 922 2017 1006 quod
2062 923 2445 1006 prodibant,

326 1030 567 1095 rorarii
613 1029 810 1095 dicti.

237 1133 608 1199 Rorarium
634 1136 653 1172 ‘
695 1135 947 1211 vinum,
974 1133 1153 1218 quod
1184 1134 1452 1198 rorariis
1484 1132 1792 1197 dabatur.

330 1340 628 1423 auspicii
659 1339 1008 1423 repetendi
1039 1357 1272 1403 causa.

1326 1237 1439 1301 ubi
1475 1236 1798 1301 incubare
1828 1240 2105 1319 posset¹²
2190 1235 2446 1318 [Fsss‘r.

233 1439 488 1506 Roscii
534 1441 1050 1525 appellabantur
1092 1441 1160 1504 in
1212 1440 1526 1505 omnibus
1556 1439 1839 1524 perfecti
1864 1442 2138 1513 artibus,
2178 1440 2449 1524 [Pane.

331 1543 508 1627 quod
540 1542 845 1609 Roscius
877 1544 1156 1627 quidam
1187 1543 1533 1631 perfectus
1568 1563 1741 1608 unus
1764 1544 1832 1607 in
1872 1548 2010 1609 arte
2041 1562 2189 1623 sua,
2221 1544 2291 1608 id
2320 1553 2450 1622 est,

334 1645 692 1725 comoedia,
713 1646 1064 1732 judicatus
1091 1647 1204 1713 sit.

1241 1855 1288 1905 N
1298 1853 1456 1906 0⁴1·AE

234 1960 434 2025 titudo,
458 1967 514 2011 et
538 1960 617 2011 vir
636 1960 812 2016 fortisff
871 1965 1071 2017 Latinis
1096 1969 1307 2033 Remus,

239 2045 309 2086 nt
335 2037 353 2064 ⁸
375 2036 596 2103 Apello,’
635 2045 650 2067 ⁸
673 2037 896 2102 Apollo?
959 2042 1006 2092 A
1030 2043 1199 2106 ῥῦμοε,
1220 2046 1306 2108 ῥυ-

233 2112 412 2176 μύλος,
457 2123 514 2165 nt
559 2129 591 2164 a
632 2116 822 2179 ψεῦδος,
865 2118 1114 2183 multos,
1170 2122 1307 2171 unde

233 2192 253 2220 ‘
294 2192 589 2244 Pseudolus
610 2193 626 2215 '
680 2194 974 2245 Plautinus.
1041 2196 1088 2246 A
1134 2199 1309 2259 φιῗδος,

233 2270 481 2334 «peltant,
515 2273 583 2323 ab
617 2269 748 2337 ἦδος,
783 2272 972 2334 fluns,
1006 2281 1063 2325 et
1084 2276 1306 2326 similia:

233 2348 366 2398 inde
394 2350 592 2400 Latinis
630 2351 816 2415 priscis
842 2352 1073 2402 Romulus
1091 2369 1107 2402 .·
1146 2367 1309 2418 quiere

235 2426 385 2479 infra
410 2431 619 2487 Paulus,
644 2432 661 2459 ⁴
685 2432 936 2481 Romnius
972 2438 1028 2480 et
1063 2432 1255 2481 Remus
1278 2447 1310 2480 a

232 2508 442 2557 virtute
463 2507 498 2558 :’
543 2522 661 2558 nam
699 2508 864 2558 virtus
899 2509 1110 2572 proprie
1133 2508 1200 2558 de
1235 2509 1314 2557 vi·

234 2585 392 2634 ribus
416 2585 664 2649 corporis,
698 2591 757 2634 ut
780 2586 916 2649 apud
944 2585 1126 2636 Puaed.
1161 2592 1176 2615 ⁸
1197 2586 1309 2635 Vir-

237 2662 348 2713 tuti
372 2676 578 2725 semper
595 2663 845 2727 praevalet
879 2661 1172 2725 sapientia?
1204 2661 1310 2712 Sal-

233 2753 362 2789 mas.
379 2740 433 2789 in
452 2738 604 2789 Solia.
671 2738 805 2788 Inde
828 2739 1173 2803 intelligenda
1195 2754 1310 2804 quae

236 2829 405 2879 snpra
422 2814 556 2865 dixit
579 2815 764 2865 Festus
787 2815 838 2864 in
856 2813 959 2865 fine
976 2816 1067 2864 τοῦ
1082 2816 1309 2867 Romami

230 2894 252 2921 ⁸
281 2891 559 2942 Romulum
583 2892 761 2942 urbem
784 2894 1077 2943 nominasse
1097 2894 1310 2943 Romam

237 2966 421 3032 potius
444 2982 599 3031 quam
620 2968 911 3032 Romulum,
925 2969 1216 3033 atnntffliore
1230 2984 1311 3018 vo·

233 3043 400 3094 abula·
431 3045 778 3111 significatione
810 3046 1104 3111 prosperiora
1136 3048 1313 3111 patrioe

234 3137 346 3171 aaa
382 3122 708 3172 ominaretur-⁸
776 3123 928 3173 Roma
963 3124 1100 3174 enim
1136 3131 1190 3173 et
1213 3124 1311 3175 13ae-

233 3213 348 3249 uun
380 3200 544 3249 multo
569 3199 974 3264 significantium
1014 3208 1134 3251 sunt
1158 3215 1312 3266 quam

239 3275 456 3325 Romula
485 3284 542 3325 et
582 3277 833 3341 Rmuulaoe,
867 3291 983 3342 quoe
1020 3278 1128 3327 sint
1161 3277 1310 3327 dimi·

236 3359 374 3402 nuta
397 3367 461 3402 ex
485 3353 606 3404 illis.
644 3354 795 3404 Idem.

308 3436 329 3462 ⁸
374 3429 629 3493 Romi-ios]
678 3431 1007 3481 Glossarius:
1043 3429 1311 3496 ‘Rogarii,

238 3504 622 3567 &ponchon-ui)
672 3507 816 3556 Male
833 3507 963 3572 legit
985 3506 1195 3570 Rogarii
1220 3521 1312 3573 pro

238 3583 471 3635 Rau-arii.
501 3585 616 3635 Jos.
639 3584 781 3635 scal.

309 3661 546 3711 lem-arios
564 3660 764 3725 milites]
791 3660 939 3711 Idem
955 3663 1108 3712 Varr.
1127 3661 1218 3711 lib.
1239 3675 1314 3712 vr.

237 3740 260 3768 ⁴
277 3739 482 3789 Rorarii
505 3739 636 3789 dicti
654 3751 687 3787 a
707 3751 842 3801 rore,
864 3738 950 3803 qui
968 3738 1156 3787 bellum
1177 3751 1316 3787 eom·

239 3815 530 3867 mittebant
552 3823 689 3872 aute,
712 3815 829 3867 ideo
847 3815 979 3881 quod
1005 3822 1129 3864 aute
1155 3822 1315 3871 rorat,

240 3908 399 3962 qnam
446 3890 616 3956 pluit!
683 3892 862 3941 Plaut.
906 3892 958 3941 in
998 3891 1315 3941 Frivolaria:

243 3968 555 4032 “sequimini
578 3969 673 4017 bac
708 3966 867 4017 Snltis
889 3968 1116 4032 legiones
1139 3981 1316 4017 omnes

242 4045 515 4094 Lavernae.
550 4042 654 4093 Ubi
674 4043 854 4092 rorarii
872 4043 1049 4093 Estis?
1084 4044 1162 4093 En
1179 4050 1317 4093 sunt.

242 4122 353 4172 'Ubi
376 4129 499 4171 sunt
522 4121 763 4171 accensi?
799 4121 971 4171 Ecce!
1006 4122 1178 4172 Gloss.
1200 4123 1314 4171 ‘ro-

242 4202 390 4262 rarii,
413 4198 790 4266 &aponum-ui?
855 4199 941 4251 Ita
971 4201 1108 4250 enim
1139 4201 1316 4265 legen·

242 4278 392 4340 dum,
432 4290 534 4326 nou
573 4275 781 4337 rogarii,
812 4285 1119 4327 monuerunt
1151 4276 1314 4326 Scali-

1387 1984 1498 2035 ger,
1520 1968 1829 2029 Vulcanius,
1852 1971 1953 2018 ἀς.
2035 1965 2256 2027 Marii,
2295 1965 2450 2018 iidem

1395 2043 1654 2106 ‘velites,’
1689 2052 1745 2094 et
1788 2042 2145 2094 ‘Ferentarii.’
2178 2043 2307 2094 Dae.

1453 2123 1469 2154 ²
1505 2121 1787 2185 Rev-arium]
1821 2122 1997 2170 Verba
2036 2119 2180 2170 Festi
2215 2119 2282 2169 ad
2311 2120 2455 2170 aliud

1390 2199 1603 2247 verbum
1640 2198 1941 2261 pertinent:
1992 2203 2065 2257 et,
2098 2203 2157 2245 ut
2207 2196 2454 2258 arbitror,

1390 2274 1668 2324 scribenda
1691 2282 1811 2324 sunt
1844 2275 1959 2323 loco
1989 2274 2307 2323 incertorum
2335 2280 2456 2337 post

1392 2351 1457 2401 R.
1497 2352 1619 2401 Ant.
1638 2350 1773 2413 Aug.

1456 2438 1480 2462 ¹·
1518 2462 1767 2479 ........
1781 2429 1861 2478 ubi
1878 2428 2096 2477 incubare
2114 2428 2295 2492 posset]
2331 2426 2457 2477 Non

1390 2514 1472 2557 sat
1495 2508 1718 2571 conjicio
1741 2521 1842 2572 quo
1866 2507 2015 2556 istaec
2036 2504 2315 2555 referenda
2335 2505 2457 2555 sint.

1391 2585 1453 2634 In
1478 2584 1672 2634 Sched.
1699 2591 1815 2647 post
1842 2584 2050 2633 Rustum
2072 2584 2295 2649 spatium
2331 2584 2456 2634 dua-

1390 2677 1502 2711 rum
1553 2662 1855 2726 paginarum
1894 2661 2133 2711 relictum
2169 2667 2271 2722 est,
2310 2667 2368 2712 et
2403 2661 2455 2711 in

1389 2738 1514 2799 flue,
1544 2740 1627 2790 ιιὸι·
1653 2740 1875 2790 {nubere
1906 2744 2059 2802 Μ
2086 2738 2291 2801 auspicii
2325 2752 2456 2802 repe·

1392 2817 1525 2866 tendi
1554 2831 1711 2866 muso.
1778 2814 1884 2866 Hic
1906 2824 2076 2864 autem
2106 2814 2455 2865 Romanorum

1391 2908 1587 2944 morem
1640 2893 1825 2943 Festus
1878 2892 2194 2956 explicabat,
2251 2892 2358 2957 qui,
2412 2893 2457 2942 si

1389 2970 1600 3036 quando
1621 2972 1816 3035 egressi
1847 2972 1977 3020 male
1999 2979 2333 3034 pugnassent,
2357 2971 2458 3020 Ro·

1391 3061 1526 3097 man
1553 3048 1951 3099 revertebantur
1972 3046 2037 3097 ad
2058 3046 2322 3112 captanda
2344 3062 2454 3098 rur-

1392 3135 1478 3173 sus
1501 3124 1757 3187 auspicia,
1781 3123 1915 3188 quod
1938 3122 2183 3173 dicebant
2211 3123 2228 3150 ⁴
2253 3131 2457 3188 repete-

1390 3214 1448 3250 re
1486 3200 1758 3265 auspieia,’
1792 3199 2033 3251 ‘omium'
2098 3200 2246 3263 virg.
2277 3200 2459 3253 ‘Omi-

1392 3292 1458 3328 na
1482 3278 1533 3327 ui
1559 3286 1803 3344 repetant
1826 3278 2024 3344 Argis!
2089 3277 2240 3329 Quod
2272 3278 2314 3327 si
2352 3278 2461 3328 lon·

1391 3355 1504 3419 gius
1527 3355 1861 3406 ministerium
1899 3354 2366 3416 administraretur,
2390 3367 2458 3404 ne

1394 3435 1500 3484 dux
1548 3433 1615 3484 ab
1654 3434 1889 3484 exercitu
1929 3431 2122 3481 diutius
2155 3430 2380 3493 abesset,
2416 3432 2460 3481 si

1394 3510 1613 3560 Romam
1661 3508 1726 3558 ad
1771 3507 2060 3571 repetenda
2116 3506 2348 3572 auspicia
2391 3508 2461 3558 de

1393 3586 1673 3651 longinquo
1696 3584 2015 3646 revertisset,
2030 3585 2386 3649 constitutum,
2400 3593 2461 3636 ut

1395 3678 1528 3714 unus
1553 3663 1692 3712 locus
1721 3662 1788 3710 de
1811 3663 2021 3726 captivo
2046 3677 2169 3727 agro
2198 3663 2460 3714 Romanus

1396 3741 1549 3791 fieret
1571 3741 1622 3788 in
1655 3753 1719 3788 ea
1742 3739 2008 3803 provincia
2031 3738 2083 3788 in
2107 3754 2209 3805 qua
2230 3738 2464 3790 bellaba-

1398 3823 1501 3876 tur,
1524 3814 1590 3865 ad
1613 3829 1785 3881 quem,
1816 3816 1858 3864 si
1898 3817 2136 3866 renovari
2163 3831 2290 3880 opus
2315 3825 2467 3870 esset

1394 3891 1646 3955 auspicia,
1669 3891 1774 3941 dux
1807 3891 2020 3943 rediret.
2089 3893 2160 3943 Et
2181 3893 2461 3945 incubandi

1397 3968 1556 4018 verbo
1583 3968 1768 4017 Festus
1786 3983 1908 4018 usus
1928 3977 2030 4031 est,
2046 3968 2180 4034 quod
2199 3968 2458 4020 interdum

1395 4045 1648 4095 cubantes
1693 4045 1926 4108 auspicia
1966 4051 2257 4110 captarent,
2298 4045 2460 4095 inter·

1396 4123 1517 4173 dum
1557 4124 1610 4172 iu
1641 4121 1808 4172 solida
1839 4123 1962 4174 sella
1995 4123 2256 4174 sedentes.
2319 4122 2462 4176 Vide

1396 4198 1730 4252 ‘silentium'
1764 4199 1891 4264 9¹⁸4·-
2458 4205 2463 4206 ’
