3020 4853
511 387 610 435 DE
644 381 1070 461 ‚VERBORUM
1119 381 1738 431 StGNwmA'rtoNB
1791 381 1938 428 mn.
1970 381 2133 432 xvi.

2291 366 2422 432 759

253 511 607 615 Respicere
667 542 860 596 avem
911 535 1015 595 est
1036 537 1084 568 ¹¹
1105 527 1131 566 b
1190 529 1258 593 iu
1307 526 1748 612 auspicandO,
1798 525 1973 591 unde
2022 527 2177 611 quis
2230 547 2423 594 avem

330 635 703 718 prospexit,
738 654 891 699 cnm
914 633 1151 698 eodem
1180 631 1552 696 revertitur.

253 733 517 819 Respici
566 736 756 801 avis⁰
808 746 952 798 tunc
995 733 1303 811 dicitur,¹²
1358 754 1519 810 cum,
1560 741 1807 815 peracto
1849 730 2194 811 sacrificio,
2228 732 2429 816 qnasi

331 838 475 902 finis
531 840 915 923 impetratus
965 848 1132 915 esset,
1185 846 1239 900 et
1273 835 1454 923 quasi
1482 834 1708 922 forent
1759 834 2035 901 comitia
2081 834 2431 918 perfecta;

333 941 502 1006 sumi
554 950 685 1004 tum
724 962 896 1004 reum
919 939 1233 1025 jubebant
1284 940 1645 1005 sacerdotes
1694 958 1820 1003 suo
1874 956 2080 1015 more,
2140 936 2427 1021 aliisque

321 1042 586 1131 peractis
616 1044 815 1129 juxta
861 1040 1362 1108 consuetudinem
1402 1042 1561 1119 luci,
1603 1041 1673 1105 in
1703 1060 1837 1125 qno
1866 1059 2065 1105 sacra
2091 1036 2430 1119 faciebant,

332 1166 432 1208 reo
455 1167 493 1208 a
523 1146 927 1212 calatoribns
958 1146 1430 1228 ingeniculato,
1461 1155 1648 1230 atque
1670 1142 1761 1207 ica
1783 1140 2076 1206 inclinato
2100 1142 2329 1207 vinum
2359 1141 2430 1205 in

334 1256 536 1331 caput
566 1246 974 1312 infundebant
1003 1246 1409 1311 solemniorem
1429 1246 1831 1331 precatione.

258 1348 697 1435 Respublicas
717 1350 746 1389 ‘¹
777 1352 1126 1416 multarum
1156 1350 1499 1415 civitatum
1531 1348 1868 1433 pluraliter
1896 1346 2075 1414 dixit
2112 1346 2190 1412 C.
2225 1345 2437 1412 Grac-

1145 1531 1472 1552 “moue“
1478 1531 1506 1550 O

319 1669 377 1716 ll
414 1666 513 1718 Ed.
536 1667 672 1718 Scal.
698 1667 949 1732 Respicere
978 1672 1140 1718 autem
1159 1671 1352 1719 ete-12
1386 1665 1517 1716 Ead-
1539 1664 1624 1716 ed.
1646 1663 1910 1714 dicebatur.

1250 1832 1463 1883 NOTAE

313 1943 338 1978 ¹³
374 1943 621 2007 Respicere
641 1960 773 1994 avem
800 1945 894 2008 est]
911 2006 912 2009 Ἴ
927 1944 1116 2009 Spicere
1138 1952 1191 1994 et
1224 1959 1302 1996 re·
1381 1949 1519 2009 caput
1557 1942 1889 2004 infundebatur
1923 1938 2041 2003 eius,
2078 1953 2184 1989 eum
2214 1936 2441 2003 impreca-

250 2021 428 2083 spt'cere
460 2020 672 2085 propria
689 2021 955 2086 Augurum
980 2023 1136 2073 verba
1166 2030 1304 2072 sunt.
1383 2024 1527 2073 tione.
1592 2021 1817 2072 Omnino
1840 2032 1978 2081 vere,
2013 2016 2066 2065 ni
2102 2013 2269 2078 fallor,
2309 2013 2445 2064 arbi·

252 2096 389 2145 vide
433 2096 484 2145 in
528 2097 801 2161 ‘spectio-³
867 2100 1076 2163 Respici
1134 2108 1304 2150 utitem
1384 2107 1583 2149 tramur
1625 2098 1737 2146 haec
1781 2095 1915 2144 male
1949 2092 2149 2141 divulsa
2186 2088 2346 2140 fuisse
2381 2104 2444 2140 ac

253 2172 362 2223 avis
375 2168 660 2240 dicebatur,
679 2190 794 2226 cum
812 2176 991 2227 eodem
1011 2176 1306 2225 reverteba·
1385 2177 1657 2234 distracta,
1679 2187 1795 2237 quae
1832 2168 2088 2219 sententia
2107 2167 2238 2230 ipsa,
2259 2175 2315 2216 et
2336 2180 2445 2215 mos

254 2258 343 2301 tur
363 2252 499 2301 unde
523 2269 633 2303 eam
658 2268 821 2316 augur
842 2262 1098 2318 spexerat.
1122 2254 1274 2303 Idem.

1388 2249 1751 2301 retentationis
1786 2260 1988 2295 reorum
2022 2244 2272 2293 hactenus
2301 2243 2449 2306 igno·

317 2335 341 2361 ¹²
373 2328 565 2392 Πιερία·
606 2330 731 2395 avis]
799 2329 904 2380 Hic
947 2330 1085 2387 solus
1130 2344 1307 2379 versus
1390 2335 1532 2377 ratus
1577 2333 1682 2374 tam
1721 2323 1858 2374 belle
1901 2322 2036 2370 iuter
2075 2333 2131 2368 se
2168 2318 2451 2383 conjungit.

254 2406 484 2470 pertinet
514 2406 577 2456 ad
615 2409 926 2472 epitomem:
968 2421 1133 2474 neque
1167 2407 1310 2457 aliud
1388 2405 1496 2455 Pro
1518 2403 1616 2453 illis
1648 2398 1904 2464 corruptis
1940 2395 2075 2461 atisq.
2104 2414 2120 2444 ε
2145 2430 2159 2446 .
2184 2431 2198 2445 .
2220 2409 2323 2445 non
2356 2394 2449 2445 ob-

255 2484 532 2548 qnieqnam
550 2487 783 2550 amplius,
808 2485 1309 2550 praeterquamquod
1394 2496 1598 2537 scurum
1652 2484 1734 2528 est
1777 2475 2073 2541 legendum,
2106 2491 2136 2524 a
2175 2472 2451 2523 lictoribus.-

251 2559 309 2608 in
336 2558 575 2623 Epitome
608 2563 922 2627 continetur,
948 2579 977 2612 a
1001 2565 1156 2612 Festo
1179 2573 1312 2613 trac-

251 2644 422 2689 tatum
446 2638 603 2690 fuisse
628 2649 771 2704 puto.
837 2642 1078 2708 Reliqua,
1095 2658 1207 2707 quae
1233 2659 1313 2693 se·

252 2723 504 2780 quantur,
529 2724 725 2767 tantum
761 2718 927 2781 abest,
950 2727 1006 2767 ut
1045 2719 1143 2768 huc
1181 2717 1314 2769 refe-

251 2792 423 2841 renda
444 2794 565 2855 siut,
591 2803 646 2843 ut
670 2796 838 2858 potius
859 2797 1149 2859 importune
1176 2813 1205 2845 a
1229 2813 1317 2847 suo

251 2869 376 2918 loeo
422 2868 621 2918 divulsa
667 2869 878 2922 fuerint.
946 2872 1318 2936 Conjuugcnda

252 2945 399 2995 enim
420 2953 539 2996 sunt
557 2961 672 2997 cum
691 2948 769 3011 iis,
791 2964 905 3013 quae
925 2950 991 2999 de
1010 2951 1166 3000 verbo
1188 2950 1203 2976 ‘
1224 2951 1338 3000 Re:

250 3037 464 3074 sectare
484 3022 498 3044 '
520 3038 678 3086 supra
702 3026 888 3090 posuit,
919 3027 1094 3077 statim
1120 3037 1236 3091 post
1259 3028 1318 3076 li·

250 3114 433 3164 neam,
474 3099 494 3126 ‘
512 3115 728 3166 cumque
771 3102 1020 3167 comitia,’
1064 3106 1161 3154 διο.
1206 3106 1310 3154 ita:

249 3176 541 3240 Resecrare,
576 3180 803 3229 resolvere
844 3180 1071 3242 religione
1088 3196 1105 3229 .·
1157 3181 1319 3244 utique

247 3269 366 3303 eum
387 3269 494 3303 reus
523 3257 745 3318 poputum
775 3257 981 3305 comitiis
1001 3261 1215 3305 oraverat
1237 3272 1322 3319 per

251 3333 415 3389 Deos,
435 3340 490 3383 at
511 3349 563 3383 eo
594 3336 799 3398 periculo
820 3334 1116 3396 liberaretur,
1124 3335 1321 3396 jubebat

249 3410 516 3471 magistrat
522 3425 576 3458 us
582 3425 685 3458 eum
697 3425 945 3460 resecrare.
984 3412 1170 3461 Rursus
1183 3414 1323 3473 idem,

249 3486 333 3536 uti
355 3501 411 3535 se
432 3486 704 3548 liberarent,
723 3488 969 3538 insistebat
984 3506 1004 3538 .·.
1044 3495 1091 3538 et
1113 3492 1232 3552 quod
1249 3490 1323 3538 iu-

250 3578 391 3624 eons,
413 3564 720 3627 innocensque
742 3571 879 3628 esset,
896 3566 1176 3615 causabatur
1198 3581 1255 3615 ne
1275 3567 1327 3615 in

249 3655 499 3690 carcerem
526 3646 642 3690 esset
666 3643 892 3690 eundum.-
925 3643 1098 3691 iterum
1128 3656 1187 3691 ne
1207 3642 1258 3692 in
1278 3657 1328 3692 se

248 3718 556 3768 innocentem
591 3717 904 3766 animasset-ti
936 3722 1218 3779 statuerent,
1250 3721 1329 3767 de·

247 3793 549 3858 precabatur
568 3809 584 3842 .·
617 3808 805 3858 cumque
840 3793 1030 3842 comitia
1066 3799 1218 3843 essent
1253 3795 1330 3842 di-

253 3871 523 3931 mittenda,
553 3875 744 3933 peracto
766 3868 1016 3935 sacrificio,
1051 3869 1185 3934 quusi
1204 3869 1331 3933 finis

253 3948 553 4011 impetratus
583 3951 722 4012 esset,
747 3951 855 4011 post
886 3947 1077 3996 comitia
1101 3945 1332 4010 perfecta,

253 4026 396 4074 sumi
411 4022 641 4082 jubebant
673 4040 777 4072 eum
811 4026 1074 4073 sacerdotes
1094 4039 1174 4072 suo
1204 4038 1328 4072 more

254 4102 413 4163 ali-sq.
451 4134 465 4149 .
490 4134 503 4148 .
527 4133 541 4147 .
577 4103 621 4149 et
667 4101 914 4148 seeundum
954 4099 1332 4149 consuetudinem

258 4176 390 4238 luci,
411 4169 462 4224 in
483 4192 573 4239 quo
594 4192 729 4226 sacra
740 4175 977 4238 facerent,
998 4191 1029 4225 a
1051 4176 1332 4226 calatoribus

267 4254 601 4318 ingeniculato
645 4253 956 4314 statuebatur,
999 4261 1044 4306 et
1083 4257 1243 4306 vinum
1286 4255 1336 4303 in

1394 2574 1522 2625 quos
1570 2564 1755 2620 postea
1798 2559 1951 2604 vocat
1986 2553 2246 2601 catatores:
2294 2550 2349 2613 ii,
2392 2555 2455 2599 ut

1398 2635 1520 2685 alibi
1540 2632 1754 2693 dicitur,
1773 2637 1892 2680 suut
1927 2626 2268 2681 sacerdotum,
2291 2640 2351 2675 ac
2374 2637 2453 2672 sa-

1398 2725 1602 2761 crorum
1640 2706 1974 2770 collegiorum
2009 2703 2160 2753 servi.
2229 2701 2357 2751 Cum
2398 2700 2453 2748 in

1401 2791 1475 2839 rei
1498 2795 1658 2851 caput
1683 2787 1851 2835 vinum
1875 2780 2265 2843 infundebatur,
2296 2791 2458 2842 appa·

1399 2876 1476 2915 ret
1503 2865 1553 2913 id
1580 2862 1692 2914 fieri
1716 2861 1937 2916 solitum,
1963 2866 2018 2908 ut
2051 2858 2102 2907 in
2141 2871 2259 2906 eum
2292 2853 2457 2905 omnis

1400 2940 1582 3005 religio
1627 2945 1893 2989 contracta
1936 2939 2184 2984 verteret.
2251 2930 2457 2994 Religio

1399 3017 1534 3067 enim
1559 3021 1833 3066 contracta
1866 3010 2174 3074 intelligitur
2208 3023 2274 3057 ex
2308 3006 2459 3057 obse·

1400 3093 1663 3145 oratione:
1699 3095 2015 3156 quapropter
2053 3101 2155 3136 non
2192 3085 2346 3134 aliter
2385 3097 2463 3132 re-

1399 3170 1720 3232 secrabatur,
1742 3167 1794 3217 id
1818 3173 1916 3227 est,
1934 3178 2080 3215 sacro
2104 3167 2195 3211 aiut
2217 3159 2464 3225 religione

1400 3247 1698 3297 solvebatur
1727 3244 2075 3307 magistratus,
2099 3255 2251 3305 quam
2286 3239 2328 3287 si
2356 3238 2465 3300 pia·

1403 3325 1575 3375 culum
1598 3330 1882 3373 contractae
1917 3317 2182 3381 religionis
2205 3316 2258 3366 in
2282 3314 2357 3363 rei
2379 3329 2466 3363 ca·

1405 3412 1498 3467 put
1522 3406 1770 3450 verteret.
1791 3399 1895 3446 Jos.
1918 3396 2046 3445 Scal.

1470 3478 1663 3542 Respici
1684 3474 1810 3537 avis]
1847 3473 1973 3521 Post
2000 3468 2192 3532 Rapiat
2227 3466 2328 3517 avis
2356 3471 2466 3515 time

1404 3558 1584 3607 dieitur
1596 3570 1701 3605 eum
1716 3550 1938 3616 spatium
1954 3546 2160 3611 aliquod
2174 3546 2468 3609 relinquen-

1409 3634 1531 3683 dum
1555 3631 1744 3693 fuerat,
1762 3638 1947 3689 nempe
1969 3622 2034 3672 ad
2058 3638 2119 3672 ea
2144 3637 2261 3686 quae
2281 3621 2471 3670 desunt

1410 3705 1685 3774 capienda,
1706 3719 1809 3753 cum
1831 3717 1882 3751 eo
1905 3702 2028 3749 redit
2052 3700 2172 3748 unde
2193 3713 2295 3747 eam
2315 3711 2470 3759 augur

1407 3788 1642 3850 spexerat.
1725 3779 1945 3843 Reliqua
1987 3777 2159 3825 omnia
2203 3774 2472 3838 pertinent

1411 3863 1476 3911 ad
1501 3856 1865 3910 remorationis
1889 3853 2064 3916 ritum,
2090 3858 2143 3901 ut
2178 3850 2396 3899 vidimus
2419 3849 2472 3898 in

1412 3943 1428 3968 ‘
1455 3931 1757 3987 resecrare!
1792 3932 1917 3981 Dae.

1474 4018 1498 4051 ²¹
1535 4009 1867 4078 Respublicas]
1904 4009 1970 4058 Et
1996 4007 2182 4057 Cicero
2208 4019 2268 4054 n.
2287 4002 2352 4051 de
2374 4002 2472 4052 Di-

1414 4095 1573 4144 vinat.
1596 4096 1726 4141 sect.
1745 4093 1793 4138 2.
1830 4087 1844 4112 ‘
1872 4085 1933 4134 td
1953 4084 2087 4134 enim
2110 4083 2279 4145 ipsum
2304 4095 2332 4128 a
2354 4079 2477 4129 Pla·

1416 4181 1537 4224 tone
1560 4164 1997 4229 philosophiaque
2022 4159 2302 4211 didiceram
2328 4163 2478 4205 natu-

1417 4251 1552 4302 rales
1577 4259 1689 4297 esse
1713 4241 1956 4308 quasdam
1996 4238 2362 4289 conversiones
2397 4248 2474 4283 re·
