3020 4853
584 390 678 438 ΠΕ
730 387 1135 437 VERBORUM

274 532 501 614 Effata,
532 533 819 599 elocuta.

1188 387 1357 435 sicu
1376 386 1811 435 wtcA'rtoNE
1863 388 2004 438 mn.
2056 389 2122 436 V.

2317 371 2447 439 233

273 634 552 702 Eunus*
585 639 765 702 velut
795 655 1066 719 exgenS,
1097 637 1205 702 cui
1235 655 1318 700 ne
1350 655 1509 718 gens
1540 635 1810 720 quidem
1844 638 1934 702 sit
1961 636 2243 722 reliqua.

273 740 518 824 Egeriae
538 738 564 777 ¹³
611 742 920 826 nymphae
965 740 1431 806 sacrificabant
1468 744 1904 824 praegnantem
1935 742 2114 827 quod
2145 761 2294 807 eam
2323 761 2447 826 pn-

349 845 575 910 tabant
599 844 793 909 facile
825 848 1218 927 conceptam
1251 841 1477 906 alvum
1507 852 1822 926 egerere.⁴
1863 847 1901 885 Θ

348 1051 861 1143 proficiscendo.

347 1158 544 1238 gium.

142 1002 151 1013 .
189 1040 192 1043 .
270 948 544 1030 Egretus
571 953 638 1013 et
664 945 1003 1031 adgretus¹
1048 967 1136 1012 ex
1184 945 1430 1012 Graeco
1476 953 1631 1012 sunt
1666 947 1893 1026 ducta,
1928 967 1970 1012 a
1997 947 2349 1033 surgendO,
2379 955 2449 1014 et

964 1050 1161 1116 Unde
1221 1058 1287 1116 et
1341 1050 1801 1136 Nyctegresia,
1864 1053 2061 1141 quasi
2112 1053 2447 1119 noctisur-

267 1256 514 1324 Eunu
520 1274 645 1323 rlo
664 1267 706 1295 ¹¹³
739 1257 1074 1343 significat
1100 1257 1190 1335 id,
1219 1257 1397 1341 quod
1427 1257 1864 1374 desideretur,
1895 1280 2020 1325 nou
2049 1278 2256 1344 posse
2283 1279 2450 1345 prae·

347 1364 528 1427 stari.

265 1466 781 1542 ELACATENA,¹²

344 1570 751 1636 malandrea.

618 1362 941 1429 Plautus,
973 1360 1261 1446 ejuravit
1288 1361 1617 1426 militiam.

835 1485 1042 1549 genus
1094 1464 1500 1543 salsamenti,
1505 1472 1530 1512 ⁵
1583 1465 1766 1550 qnod
1809 1464 2200 1549 appellatur
2248 1464 2448 1549 vulgo

263 1672 592 1739 Elaudare
615 1680 641 1708 ⁰
670 1674 843 1757 plue,
873 1691 1074 1758 qnam
1107 1670 1464 1736 nominare.

262 1775 596 1844 Elecebrae
616 1785 644 1826 Ρ
673 1778 1053 1860 argentariae
1083 1775 1484 1872 meretrices»,
1518 1775 1606 1841 ab
1637 1773 1959 1843 eliciendo
1990 1780 2262 1857 argento
2305 1774 2446 1840 dic-

345 1888 452 1946 tae.

1160 1975 1339 1998 000000
1345 1978 1398 1998 00

1404 1976 1523 1998 0000

322 2105 351 2150 4
388 2097 688 2164 Legendum
713 2105 883 2149 monet
920 2097 1049 2147 Dec.
1062 2102 1331 2162 conceptum
1350 2099 1456 2147 alvo
1476 2100 1783 2161 egeram-6
1820 2096 1907 2149 Al.
1922 2095 2237 2154 calciamenti,
2258 2101 2315 2146 et
2331 2111 2448 2148 mox

259 2165 531 2216 melandria.
599 2165 733 2215 Dec.
759 2172 813 2214 et
833 2163 1106 2229 Augustin.
1128 2164 1311 2228 legunt
1329 2163 1616 2228 melandrya.

1237 2337 1453 2391 NOTAE

315 2452 329 2487 ¹
365 2454 549 2518 Egens]
587 2453 737 2504 Festo
762 2453 1022 2504 consentit
1057 2452 1313 2518 Isidorus,

258 2532 334 2581 cui
370 2546 527 2594 egens
554 2530 740 2580 dicitnr
773 2532 885 2581 sine
921 2540 1074 2596 gente
1115 2539 1169 2580 et
1198 2531 1310 2580 sine

257 2622 457 2670 genere.
521 2595 627 2658 Sed
668 2608 843 2672 potius
879 2607 945 2657 ab
977 2623 1109 2673 egeo,
1147 2613 1206 2658 ut
1243 2605 1310 2657 ab

252 2688 267 2713 ⁸
289 2688 506 2751 indigeo’
525 2687 543 2714 ‘
564 2685 835 2752 indigens!
866 2686 1019 2736 Idem.

314 2762 337 2797 ¹¹
374 2765 590 2830 Egerio]
615 2765 754 2829 Lege
776 2765 827 2814 in
851 2763 984 2814 tine:
1023 2766 1308 2828 conceptum

254 2839 592 2904 alvo'egerere:
637 2843 825 2905 Egeria
848 2841 962 2892 haec
1000 2841 1206 2890 diversa
1242 2841 1311 2889 vi-

257 2917 405 2967 detur
426 2919 490 2967 ab
514 2918 705 2982 Egeria
740 2918 942 2967 Romuli
967 2933 1165 2979 υκαι-ες
1201 2915 1309 2967 fue-

241 2995 317 3046 .rit
337 2994 504 3045 forsan
529 2997 643 3060 ipsa
657 2996 690 3047 J
697 3012 814 3059 uuo,
835 2996 899 3044 ab
915 2997 1144 3057 egerenda
1168 2994 1310 3046 dicta

255 3072 446 3134 Egeria.
490 3075 683 3123 Tamen
709 3072 830 3121 nihil
857 3073 962 3122 tale
986 3072 1036 3121 in
1059 3071 1309 3123 Veterum

256 3153 592 3201 monumentis
614 3165 695 3199 me
735 3151 918 3214 legisse
952 3149 1177 3200 memini.
1244 3150 1307 3200 In

257 3228 430 3291 glossis
449 3228 636 3278 Isidori
656 3229 832 3291 Egeria
846 3229 1125 3292 exponitur
1145 3229 1311 3295 noxia,

257 3306 386 3368 quod
426 3322 552 3357 sane
596 3320 695 3356 non
736 3307 1151 3370 praetereundum
1192 3305 1311 3357 fuit.

257 3380 397 3433 Idem.

316 3458 329 3492 ⁸
362 3461 669 3523 Egreius‘et
722 3460 974 3526 adgretus]
1074 3459 1309 3510 Verbum

256 3535 494 3588 Graecum
541 3538 675 3605 quod
713 3540 901 3596 Festus
942 3538 1188 3603 intelligit
1225 3544 1308 3589 est

257 3613 502 3680 ἐγείρομαι,
556 3631 728 3681 surgo.
827 3616 954 3686 Sed·
996 3615 1177 3667 falsum
1223 3622 1306 3665 est

258 3691 318 3739 ab
376 3709 437 3742 eo
504 3709 619 3743 esse
674 3698 885 3756 egr-etius
938 3701 990 3743 et
1035 3695 1303 3756 nagream,

254 3784 360 3832 quae
385 3784 414 3818 a
444 3772 661 3837 gradior,
687 3778 740 3820 et
779 3772 1147 3835 praepositione
1171 3787 1196 3821 e
1221 3770 1304 3819 vel

255 3849 331 3898 ad.
394 3848 481 3897 Dc
519 3848 819 3912 nyctegresia
859 3847 1068 3913 quidem
1107 3862 1301 3912 verum,

256 3929 566 3993 transposita
599 3929 752 3979 litera
778 3946 824 3992 p,
859 3943 952 3992 pro
984 3930 1300 3993 nyctegersia.

256 4001 413 4056 Idem.

318 4090 351 4115 ¹¹²
383 4082 629 4146 Hui-atio]
663 4083 754 4132 Est
785 4082 1057 4142 recusatio,
1078 4097 1192 4131 cum
1217 4095 1305 4131 ne-

258 4174 430 4222 gamus
452 4176 515 4210 ea
550 4167 817 4223 praestare,
839 4174 953 4223 quae
992 4173 1022 4207 a
1046 4158 1194 4207 nobis
1219 4174 1306 4223 pe-

260 4243 450 4288 tuntur.
485 4235 573 4286 Sic
592 4234 843 4299 ‘ejuravit
870 4234 1141 4295 militiam,'
1164 4236 1195 4284 i.
1220 4236 1312 4284 mi·

260 4313 419 4365 litiatn
466 4314 741 4366 recusavit.
805 4312 1055 4377 ‘Ejurare
1104 4313 1311 4378 sornm,’

1391 2453 1782 2519 ‘provinciam‚'
1823 2453 2027 2504 Cicero.
2095 2450 2180 2499 Sic
2221 2449 2449 2513 ‘ejurare

1391 2531 1580 2582 bonam
1604 2530 1826 2598 copiam'
1863 2530 2139 2580 dicebatur
2173 2527 2235 2592 is,
2268 2528 2352 2591 qui
2366 2527 2451 2590 ju·

1391 2609 1667 2674 rejurando
1708 2607 1997 2659 affirmabat
2020 2622 2075 2656 se
2103 2606 2154 2655 in
2178 2604 2326 2654 bonis
2348 2618 2448 2654 non

1389 2690 1597 2754 hebere,
1639 2690 1778 2739 unde
1824 2704 1896 2738 tes
1935 2686 2154 2736 alienum
2208 2684 2447 2732 solveret.

1390 2768 1500 2818 Cic.
1525 2769 1624 2832 Ep.
1647 2764 1768 2816 fam.
1816 2767 1832 2794 ⁴
1853 2765 1929 2814 Tu
1959 2763 2095 2830 quod
2124 2761 2239 2811 mihi
2265 2762 2449 2811 bonam

1385 2846 1591 2909 copiam
1614 2844 1797 2908 ojures,
1820 2842 1941 2891 nihil
1966 2839 2083 2891 est!
2119 2841 2265 2889 Idem.

1449 2928 1474 2954 ¹²
1510 2918 1792 2984 Elacatena]
1836 2919 1976 2968 Plin.
2005 2917 2095 2967 lib.
2122 2929 2311 2965 xxxn.
2336 2929 2452 2978 cap.

1388 3000 1483 3051 ult.
1539 3000 1867 3049 helacatenes
1906 2993 2061 3061 piscis
2104 3006 2290 3041 nomen
2336 3005 2452 3039 esse

1388 3076 1479 3126 ait.
1514 3077 1600 3126 De
1623 3074 1897 3137 melandrya
1922 3085 2044 3122 vero
2068 3068 2237 3119 Varro
2259 3067 2347 3118 lib.
2371 3080 2452 3116 tv.

1387 3153 1454 3203 de
1494 3153 1643 3217 Ling.
1683 3152 1796 3201 Lat.
1827 3149 1967 3199 Plin.
1999 3148 2086 3198 lib.
2119 3161 2202 3197 ιι.
2232 3161 2348 3211 cap.
2375 3148 2453 3193 15.

1388 3229 1583 3282 Athen.
1608 3229 1696 3280 lib.
1715 3242 1799 3279 ιιι.
1822 3242 1940 3292 cap.
1964 3230 2046 3276 20.
2080 3224 2201 3275 Ant.
2225 3223 2356 3286 Aug.

1456 3304 1746 3368 Etacatena]
1797 3303 2033 3359 Elacste.
2076 3310 2130 3350 et
2173 3301 2454 3350 Elscatena

1390 3383 1551 3450 piscis
1590 3398 1654 3434 ex
1690 3381 2018 3433 Thurinorum
2058 3392 2270 3444 genere,
2310 3375 2452 3425 saliri

1388 3461 1592 3517 solitus,
1625 3458 1762 3510 unde
1800 3459 1985 3507 Festus
2019 3455 2234 3519 exponit
2266 3459 2280 3482 ⁸
2300 3453 2455 3503 salsa-

1389 3539 1556 3589 menti
1585 3537 1783 3602 genus.'
1816 3535 2100 3586 Athenaeus
2135 3533 2171 3581 1.
2202 3545 2301 3581 vu.
2332 3530 2454 3588 ἠλα-

1385 3617 1587 3674 κατῆνες
1609 3614 1742 3678 Ῐχθῦς
1761 3611 2002 3673 κητώδεις,
2024 3610 2274 3668 &remotim
2287 3605 2353 3658 eis
2367 3625 2452 3656 *ra-

1383 3691 1587 3757 ριχείαν.
1639 3692 1684 3742 1.
1700 3690 1778 3741 e.‘
1798 3690 2096 3739 Elscatenae
2123 3684 2291 3750 pisces
2314 3692 2453 3733 ceta·

1385 3770 1483 3826 cei,
1498 3769 1562 3819 ad
1577 3769 1826 3817 salsuram
1846 3761 1997 3829 apti.'
2014 3762 2181 3824 Vulgo
2202 3767 2455 3810 vocantur

1381 3848 1647 3901 melandria
1664 3865 1680 3896 .·
1716 3845 1819 3908 leg.
1839 3841 2111 3904 melandrya
2135 3856 2151 3888 .·
2183 3836 2455 3902 μηλάνδρυα

1383 3924 1574 3980 Grae‘ce
1594 3924 1927 3988 pulpamenta
1941 3919 2290 3983 Thynuorum.
2324 3917 2455 3966 Dae.

1447 4014 1471 4040 ⁰
1509 4001 1771 4065 Elaudare]
1807 3997 2386 4061 Laudare,nominare:
2428 4012 2455 4047 e

1386 4090 1466 4134 est
1489 4079 1823 4131 intensivum.
1886 4076 1973 4126 Sic
2015 4081 2031 4104 ’
2052 4071 2275 4124 emirati’
2295 4073 2455 4137 majus

1389 4169 1469 4211 est
1492 4171 1641 4225 quam
1664 4152 1908 4204 ‘mirari.’
1945 4151 2132 4202 Horat.
2165 4148 2454 4199 ‘Emirabi·
2487 4182 2495 4188 -

1392 4245 1476 4290 tut·
1499 4230 1759 4287 insolens:
1806 4229 1909 4281 Ubi
1933 4228 2053 4277 olim
2079 4226 2244 4289 plura.
2282 4226 2432 4274 Idem.

1457 4324 1482 4356 P
1519 4307 1783 4373 Elecebroe]
1832 4305 2046 4355 Plautus
2082 4300 2453 4354 Menaecbmis:
