3020 4853
514 344 605 417 46

1869 129 1902 158 Ο

1210 358 1435 408 sssx‘rl
1490 360 1796 410 POMPssu
1853 360 2058 410 FBS'rt

605 506 802 591 quasi
847 504 1189 571 multorum
1244 474 1494 571 assium
1546 505 1798 569 dictum
1844 510 2174 590 putarunt,
2225 505 2343 571 alii
2388 527 2564 585 eum,
2596 508 2708 592 qui

549 648 555 655 .
603 618 821 677 sumtu
852 610 1120 695 proprio
1149 606 1530 685 militabat‚¹‘
1581 610 1668 674 ab
1708 630 1859 675 asse
1888 608 2104 674 dando
2137 620 2445 675 vocatum
2476 612 2711 675 existi-

605 722 885 779 marunt.

518 815 881 903 Adsiperei
929 825 999 883 et
1030 818 1404 901 Proesipere
1437 816 1745 883 dicebant
1776 818 2034 902 antiqui
2067 838 2107 882 a
2130 817 2453 901 sapiendo
2480 837 2497 879 ε
2530 819 2707 883 sicut

600 944 726 989 nos
758 944 1021 1009 quoque
1051 923 1247 987 modo
1283 922 1568 986 dicimus
1599 922 1684 987 ab
1718 941 1914 1005 aequo
1945 923 2264 1005 iniquum,
2310 942 2352 986 a
2401 942 2705 1005 quaeren—

604 1028 717 1104 do,
751 1028 1103 1111 inquirere.

519 1125 983 1206 Adstassent,¹¹
1030 1134 1473 1194 statuerunt.²⁰

515 1230 956 1317 Adtegrare¹¹
1040 1243 1165 1312 est,
1225 1235 1449 1297 vinum
1510 1234 1576 1297 in
1637 1233 1986 1298 sacrificiis
2040 1252 2311 1316 augere:
2377 1233 2706 1317 integrare

1434 1419 1612 1437 000000

1616 1416 1794 1438 000000

582 1540 646 1586 20
682 1538 984 1603 Legendum
1008 1549 1184 1592 monet
1207 1541 1342 1591 Scai.
1371 1540 1664 1602 Adummim,
1700 1540 2025 1590 aeterium—1
2068 1540 2187 1591 Vid.
2214 1542 2379 1590 Notas
2403 1539 2494 1588 inf.

1503 1704 1715 1757 1401*AE

513 1824 615 1875 Ubi
638 1814 872 1888 assiduus,
893 1826 945 1875 id
972 1831 1073 1886 est,
1096 1826 1316 1888 locuples.
1355 1824 1570 1888 opponi-

512 1911 596 1952 tur
630 1903 903 1966 proletario,
922 1903 1007 1968 qni
1045 1918 1074 1952 e
1100 1903 1249 1965 plebe
1274 1901 1570 1951 tenuissima

511 1987 649 2041 erat,
687 1988 742 2029 et
776 1981 846 2030 nii
883 1988 1079 2045 praeter
1113 1981 1308 2044 prolem
1342 1978 1566 2040 Reipub-

510 2055 807 2106 exhibebat.
898 2057 1120 2107 Assidno
1166 2071 1259 2119 pro
1303 2056 1566 2118 locuplete

510 2146 632 2180 ursus
667 2141 747 2182 est
782 2134 936 2183 etiam
974 2133 1145 2183 Plaut.
1171 2131 1396 2196 Amphit.
1438 2146 1475 2181 ι.
1518 2136 1563 2182 1.

508 2212 523 2235 ‘
547 2208 850 2273 Noctesque
873 2210 1088 2274 diesque
1111 2209 1313 2259 assiduo
1336 2209 1459 2259 satis
1482 2224 1566 2257 su-

508 2300 704 2349 perque
723 2295 824 2349 est,
851 2288 970 2339 Quo
986 2287 1128 2337 facto
1145 2295 1233 2336 aut
1258 2286 1400 2336 dicto
1417 2285 1565 2337 adest

504 2376 635 2426 opus
658 2365 864 2426 quietus
888 2379 949 2412 ne
974 2363 1084 2413 sis!
1118 2363 1267 2413 Idem.

572 2437 594 2473 ¹³
620 2441 717 2497 Qui
738 2446 897 2492 sumtu
923 2443 1114 2506 proprio
1137 2441 1395 2506 militabat]
1428 2441 1565 2492 Quia

504 2531 656 2566 nemo
682 2519 780 2567 uisi
805 2520 1035 2580 locuplvs
1068 2519 1187 2568 huic
1236 2519 1427 2567 sumtui
1472 2533 1564 2581 par

506 2607 622 2641 esse
648 2601 871 2656 poterat.
909 2594 1102 2644 Verum
1128 2603 1184 2645 ut
1212 2595 1369 2644 libere
1392 2594 1563 2645 dicam

506 2669 642 2734 quod
657 2670 841 2728 sentin,
854 2670 1087 2721 assiduus
1100 2679 1156 2720 et
1175 2687 1266 2734 pro
1284 2673 1567 2735 locuplete,

506 2753 561 2795 et
586 2761 679 2809 pro
702 2762 763 2795 eo
795 2747 884 2812 qui
920 2748 1128 2811 proprio
1160 2754 1330 2796 sumtu
1356 2749 1562 2809 militat,

506 2822 572 2872 ab
592 2823 1077 2876 adsidendodictus.
1146 2824 1403 2886 Locuples
1425 2825 1562 2872 enim

504 2903 763 2967 auduus,
821 2904 956 2968 quod
1005 2903 1226 2968 Reipub.
1276 2903 1563 2966 adsidebat,

508 2981 712 3042 aderat,
753 2990 944 3043 praesto
981 2989 1110 3030 erat.
1176 2979 1326 3030 Alter
1351 2996 1471 3031 vero
1508 2983 1559 3032 in

503 3070 714 3105 minnere
739 3072 831 3105 suo
853 3059 1039 3106 multus
1071 3065 1204 3117 erat,
1228 3060 1424 3108 muneri
1464 3073 1559 3109 suo

503 3132 794 3190 adsidebat,
860 3142 1001 3184 totus
1056 3134 1408 3192 incumbebat,
1463 3139 1559 3187 &c-

504 3209 633 3258 Cum
659 3211 814 3261 Festo
845 3218 1016 3260 tamen
1044 3213 1245 3268 Cicero,
1285 3214 1557 3264 Quintilia-

424 3311 429 3320 ·
503 3301 620 3349 nus,
641 3288 864 3350 Gellius,
879 3289 967 3337 sed
987 3289 1071 3352 qui
1090 3290 1280 3353 saepius
1299 3289 1556 3341 manifesti

501 3366 689 3415 erroris
713 3366 764 3416 in
789 3367 974 3430 etymis
998 3366 1250 3417 ducendis
1272 3368 1556 3433 deprehen·

501 3440 705 3492 duntur.
739 3443 889 3494 Idem.

559 3516 574 3550 ¹
595 3517 851 3581 Adsipere]
880 3518 941 3568 In
966 3519 1091 3569 meis
1112 3521 1309 3572 Glossis
1335 3522 1516 3572 Isidori
1538 3541 1550 3574 ε

499 3591 517 3620 ‘
537 3593 793 3658 Consipit‚
824 3609 1057 3658 saporem
1094 3596 1286 3648 habet.'
1352 3600 1555 3649 Tertul-

496 3668 664 3719 lianus
726 3672 793 3720 de
850 3671 1097 3735 pudicitia
1115 3691 1130 3722 :
1180 3676 1195 3703 ‘
1224 3677 1552 3726 Fermentum

498 3746 753 3796 modicum
792 3754 953 3797 totam
1001 3749 1187 3814 desipit
1231 3755 1553 3817 conspersio·

500 3822 661 3873 nem?
703 3825 873 3873 active
894 3826 1074 3886 posuit.
1106 3827 1361 3876 Jos.Sca1.

563 3898 817 3964 Adsipere]
840 3901 974 3951 Vide
994 3903 1043 3950 in
1068 3909 1082 3931 ⁴
1099 3903 1373 3966 Insipere!
1411 3906 1553 3955 Resi-

498 3989 622 4037 pere
647 3976 803 4025 etiam
826 3977 1027 4028 videtur
1045 3996 1073 4028 a
1088 3981 1339 4042 sapiendo
1359 3981 1551 4033 deduc-

496 4060 627 4110 tum,
640 4053 771 4115 quud
786 4053 1062 4118 significat,
1078 4056 1332 4106 redolere.
1365 4059 1551 4110 Cicero

494 4127 587 4176 lib.
618 4142 678 4176 ιι.
710 4129 776 4180 de
824 4132 946 4180 Nat.
982 4133 1143 4181 Deor.
1197 4134 1550 4200 ‘Minimeque

496 4206 746 4266 resipiens
781 4209 997 4269 patriam
1018 4209 1050 4258 ε’
1094 4210 1173 4258 ita·
1205 4212 1339 4259 enirn
1375 4211 1549 4274 legen-

495 4280 650 4343 dum,
675 4297 797 4346 non,
823 4293 879 4333 ut
907 4285 1094 4334 habeut
1119 4287 1341 4350 vulgatae
1361 4286 1545 4337 editio·

1652 1837 1758 1878 nes,
1778 1823 2048 1887 respicient&
2118 1822 2261 1872 Idem
2284 1821 2520 1871 mendum
2545 1822 2704 1886 irrep-

1651 1900 1719 1949 sit
1743 1900 1790 1950 in
1815 1902 1969 1950 verbu
1993 1901 2262 1957 Varronis,
2288 1915 2401 1964 quae
2426 1908 2543 1950 suut
2568 1901 2702 1965 apud

1650 1974 1715 2025 A.
1741 1977 1964 2026 Gellium
1989 1978 2077 2026 lib.
2103 1992 2191 2027 m.
2215 1992 2263 2027 c.
2287 1982 2336 2026 4.
2370 1977 2445 2026 sic
2466 1978 2599 2027 enim
2626 1988 2702 2027 to-

1649 2063 1732 2104 tus
1749 2055 1994 2103 Varronis
2017 2056 2157 2104 locus
2180 2055 2446 2118 legendus.
2480 2061 2494 2083 ⁴
2519 2054 2701 2119 Neque

1649 2137 1817 2180 tamen
1851 2132 2058 2180 dubium
2092 2140 2191 2193 est,
2222 2132 2344 2197 quin
2371 2133 2484 2193 istu,
2507 2139 2560 2182 et
2586 2148 2700 2197 quae

1647 2210 1843 2273 scripta
1867 2224 1897 2258 u
1915 2209 2106 2259 Plauto
2130 2223 2230 2258 non
2256 2208 2517 2271 videntur,
2535 2217 2590 2259 et
2614 2224 2701 2259 nn·

1646 2286 1769 2335 mini
1793 2287 1907 2350 ejus
1926 2286 2254 2345 addicuntur,
2275 2293 2504 2336 veterum
2526 2286 2701 2351 poeta-

1641 2378 1758 2413 rum
1784 2364 1996 2422 fuerint,
2021 2373 2076 2414 et
2110 2364 2173 2413 ab
2197 2380 2258 2414 eo
2282 2373 2590 2424 retractata,
2610 2380 2698 2415 ex·

1647 2443 1910 2507 politaque
1930 2444 2052 2504 sint,
2070 2458 2130 2493 ac
2154 2450 2434 2506 propterea
2456 2445 2702 2506 resipiant

1642 2520 1833 2583 stylum
1859 2520 2193 2569 Plautinum!
2251 2521 2358 2570 Pro
2379 2521 2626 2584 resipiant,
2649 2523 2698 2570 in

1643 2599 1863 2661 vulgatis
1887 2605 1965 2646 est
1984 2597 2230 2661 recipiant.
2267 2599 2378 2647 Fui.
2400 2597 2635 2649 Ursinus.

1703 2673 1960 2739 Adsipere]
1987 2674 2093 2723 Pro
2111 2676 2353 2737 adsapere,
2370 2689 2519 2723 verso
2538 2691 2566 2724 a
2589 2675 2638 2723 in
2658 2677 2692 2730 i,

1643 2757 1701 2798 ut
1723 2751 1774 2799 in
1799 2750 2099 2814 compositis
2122 2745 2276 2799 solet}
2335 2750 2423 2799 Sic
2448 2766 2478 2799 a
2503 2752 2518 2779 ‘
2535 2751 2700 2801 tacen'

1642 2825 1962 2876 ‘conticeoz'
1993 2841 2023 2875 a
2046 2824 2251 2890 ‘quaero
2272 2825 2283 2843 '
2307 2829 2321 2854 ‘
2340 2827 2693 2891 inquiro‚'&c.

1641 2901 1771 2951 Inde
1790 2901 1957 2951 Gloss.
1972 2901 2155 2952 Isidor.
2172 2905 2186 2931 ‘
2205 2903 2696 2969 consipit‚saporem

1640 2978 1829 3035 habet,'
1854 2979 1941 3027 sed
1979 2981 2076 3028 ista
2108 2979 2274 3029 omnia
2310 2982 2432 3029 nihii
2460 2982 2524 3030 ad
2559 2982 2694 3032 hunc

1640 3057 1783 3105 Festi
1800 3056 1984 3106 loeium.
2023 3055 2111 3106 Ait
2132 3058 2334 3112 Festus,
2353 3059 2367 3085 ‘
2392 3067 2446 3107 ut
2465 3058 2529 3108 ab
2546 3074 2694 3123 oequo

1641 3131 1857 3197 iniquus,
1897 3132 2005 3194 sic,'
2044 3137 2141 3184 διο.
2218 3134 2355 3194 Ergo
2402 3136 2693 3200 legendum,

1637 3208 1869 3273 Adsipere
1901 3217 1948 3260 et
1975 3211 2225 3274 praeaipere
2261 3211 2473 3262 dicebant
2507 3213 2694 3276 antiqui

1635 3302 1666 3334 ιι
1689 3288 1924 3350 sapiendo,
1944 3290 2024 3349 ἆγε.
2058 3288 2178 3337 nihil
2205 3290 2408 3339 certius.
2478 3288 2691 3356 Antiqui

1633 3363 1852 3425 adsipere
1866 3370 1920 3413 et
1928 3365 2182 3428 proesipere
2200 3365 2462 3430 dicebant,
2478 3376 2532 3416 ut
2545 3366 2560 3394 ‘
2571 3381 2690 3417 cou-

1635 3440 1846 3502 sipere!
1901 3441 2035 3490 Vide
2058 3444 2074 3471 ⁴
2094 3443 2417 3506 consiptum!
2451 3444 2576 3494 Dae.

1702 3514 1726 3549 Β
1746 3516 2056 3581 Adstassent]
2084 3519 2318 3583 Scaliger
2360 3522 2504 3584 legit,
2535 3526 2687 3571 astas-

1635 3593 1750 3656 sint,
1769 3595 2005 3644 steterint.
2036 3595 2138 3644 Sed
2166 3596 2487 3656 retinendum
2508 3601 2690 3648 adstas·

1633 3675 1759 3732 sent,
1792 3684 1890 3719 uec
1914 3670 2031 3721 ideo
2055 3671 2221 3721 minus
2247 3672 2558 3736 significabit
2592 3682 2685 3726 ste·

1635 3747 1804 3811 taint,
1824 3763 1850 3796 e
1875 3762 1967 3811 pro
1991 3748 2025 3796 i.
2048 3749 2262 3811 Legitur
2284 3754 2565 3812 adsenescunt,
2596 3758 2688 3802 sie·

1636 3826 1799 3876 ierint.
1830 3825 1919 3875 Sic
1943 3840 2100 3889 supra
2121 3827 2136 3854 ⁴
2158 3826 2368 3885 addues,
2391 3829 2685 3882 addideris.'

1637 3900 1789 3951 Idem.

1698 3978 2020 4044 'AdtegrareJ
2045 3982 2153 4043 Ego
2173 3981 2588 4032 mutilumlocum
2612 3984 2684 4034 sic

1633 4056 1973 4119 supplendum
1988 4057 2187 4120 judico,
2209 4058 2485 4118 Adeegrare
2508 4062 2683 4119 chum,

1632 4137 1683 4185 in
1703 4136 1952 4200 sacrificiis
1971 4141 2042 4186 est
2066 4137 2174 4185 vino
2196 4136 2477 4201 sacrificium
2493 4154 2680 4196 augere.

1632 4213 1885 4273 Integrare
1915 4215 2039 4261 euim
2071 4217 2139 4262 est
2176 4216 2447 4278 adtegram,
2488 4216 2574 4263 linc
2610 4221 2682 4264 est

1629 4290 1782 4338 ninus
1791 4288 1995 4350 factum,
2019 4290 2069 4340 iu
2088 4297 2265 4341 statum
2286 4292 2519 4352 redigere.
2572 4291 2676 4342 Aa·
