3020 4853
486 312 573 377 30

1138 328 1363 377 serr(
1418 327 1723 376 POMPEI!
1779 328 1987 378 FEST!

489 476 841 542 Abemitoss
872 475 1205 560 significat
1237 474 1508 554 demit0‚
1542 476 1647 540 vel
1682 476 1972 541 auferto:
2021 494 2239 540 emere
2270 475 2446 541 enim
2481 474 2676 541 Anti·

579 581 694 665 qui
725 580 1039 645 dicebant
1059 600 1179 664 pro
1218 580 1547 666 accipere.

488 681 926 769 Abgregare,¹¹
963 688 1068 749 est
1096 683 1183 748 ab
1217 702 1411 766 grege
1442 683 1722 749 ducere:
1757 682 2138 768 adgregare,
2161 684 2246 750 ad
2269 705 2531 769 gregem
2555 685 2674 749 du·

574 807 761 856 cere:
808 807 1175 872 segregare,
1225 806 1313 853 ex
1365 786 1672 871 pluribus
1704 788 2012 870 gregibus
2060 795 2290 873 partes
2320 789 2673 854 seducere:

572 891 746 955 unde
777 897 846 955 et
873 892 1175 973 egregius
1207 889 1448 955 dicitur
1490 910 1529 954 e
1578 910 1774 974 grege
1805 891 2059 957 lectus:
2107 913 2389 977 quorum
2440 893 2676 958 verbo-

573 1014 720 1058 rum
748 994 1047 1080 frequens
1095 1014 1256 1059 usus
1301 1014 1433 1059 non
1477 995 1714 1060 mirum
1762 996 1821 1059 si
1871 1014 1960 1060 ex
2009 998 2365 1080 pecoribus
2408 996 2674 1081 pendet.

578 1097 747 1163 Cum
782 1098 963 1185 apud
997 1098 1330 1183 Antiquos
1364 1095 1570 1182 opesi

1622 1105 1694 1164 et
1738 1100 2142 1183 patrimonia
2169 1120 2264 1165 ex·
2282 1100 2391 1165 his
2438 1101 2676 1183 praeci-

576 1221 711 1287 pue
738 1204 1167 1282 constiterint,
1193 1211 1271 1269 ut
1296 1203 1515 1271 adhuc
1548 1204 1749 1273 etiam
1799 1203 2144 1288 pecuniaS,
2178 1210 2245 1272 et
2275 1204 2544 1289 peculia
2574 1202 2676 1271 di·

578 1308 815 1372 cimus·

488 1407 885 1476 Abietaria¹¹
932 1411 1229 1494 negotia¹
1286 1411 1701 1491 dicebantur,
1749 1430 1948 1497 quam
1977 1412 2328 1478 materiam
2370 1432 2544 1478 nunc
2575 1412 2676 1477 di-

574 1515 814 1594 cimus,
844 1514 1158 1580 videlicet
1187 1515 1272 1580 ab
1304 1513 1638 1579 abietibus
1670 1511 2076 1579 coemendis

1400 1683 1457 1704 Ν
1464 1682 1640 1703 000101
1645 1681 1763 1702 ‘m

557 1790 577 1833 1
616 1784 762 1833 Fulv.
787 1784 960 1834 Ursin.
986 1768 1233 1834 indicavit
1274 1785 1325 1835 in
1358 1787 1461 1837 Ms.
1487 1787 1588 1851 legi
1613 1786 1872 1849 negotiatio
1902 1784 2162 1847 dicebatur,
2202 1791 2257 1833 et
2295 1799 2387 1847 pro
2430 1785 2678 1835 materiam

488 1851 634 1900 malit
677 1850 1014 1900 materiariam.
1080 1851 1310 1914 Scaliger
1354 1852 1497 1904 malit
1535 1852 1819 1917 negotiatio,
1867 1866 2004 1915 quam
2034 1851 2430 1911 materiationem,
2485 1853 2678 1915 impro-

1476 1984 1695 2037 NOTAE

491 2080 617 2129 time
664 2079 941 2143 sbditivus,
986 2082 1266 2139 ebortivus,
1311 2084 1541 2149 quamvis

489 2158 601 2207 sine
643 2159 896 2222 exemplo.
985 2160 1158 2213 Gloss.
1214 2162 1228 2189 ‘
1248 2161 1544 2218 Abditivus,

487 2236 845 2301 ἆποσπασθεὶς,’
858 2238 1168 2303 abstractus,
1183 2240 1405 2288 evulsus.
1429 2240 1543 2303 Op·

491 2316 636 2372 time,
671 2331 735 2366 ex
768 2317 920 2367 unico
956 2317 1125 2367 Plauti
1162 2318 1274 2367 loco
1310 2318 1360 2367 in
1395 2332 1542 2383 argu·

489 2402 664 2444 mento
699 2393 944 2445 Poenuli:
996 2397 1011 2423 4
1037 2392 1138 2444 Sed
1184 2394 1257 2445 illi
1301 2396 1408 2446 seni
1455 2395 1542 2461 qui

489 2479 719 2523 mortuus
738 2482 836 2530 est.
861 2473 998 2524 tilius
1023 2473 1219 2526 Unicus
1243 2474 1330 2540 qui
1354 2475 1549 2536 fuerat,

488 2549 608 2598 olim
628 2550 888 2599 abditivos
906 2566 934 2599 s
955 2556 1123 2614 patre,
1141 2552 1281 2601 Puer
1302 2560 1549 2617 septuen-

491 2624 569 2673 nis
592 2624 870 2689 surripitur
883 2626 1233 2689 Carthagine.⁹
1299 2629 1371 2678 Ut
1392 2628 1545 2678 mira-

490 2701 534 2749 ri
576 2701 703 2750 sstis
742 2716 990 2766 nequeam
1028 2702 1113 2753 liic
1152 2703 1313 2752 virum
1353 2705 1546 2769 alioqui

489 2776 838 2830 doctissimum
877 2780 1094 2844 pessime
1126 2795 1181 2830 se
1205 2779 1430 2842 dedisse,
1458 2782 1548 2846 qui

488 2854 716 2905 abductus
738 2855 789 2906 in
815 2857 1014 2907 text'um
1055 2857 1275 2922 recepit,
1307 2858 1446 2922 quod
1481 2858 1547 2909 ab

490 2930 725 2983 studioso
744 2933 985 2999 quodam,
1004 2941 1061 2983 ut
1087 2948 1192 2982 mos
1217 2934 1390 2997 est,ad
1407 2949 1545 2984 orem

490 3008 687 3058 codicis
709 3009 957 3073 scriptum
981 3008 1170 3074 fuerat,
1188 3017 1245 3060 ut
1268 3025 1442 3062 vocem
1462 3012 1545 3062 ab·

490 3082 663 3134 datto·
679 3086 984 3147 explicaret.
1055 3085 1117 3135 In
1135 3093 1264 3137 vett.
1283 3086 1401 3138 edd.
1423 3088 1547 3151 legi·

493 3165 577 3209 tur
596 3160 857 3225 abdicitiis,
882 3162 1019 3227 quod
1051 3162 1328 3214 manifeste
1361 3166 1547 3229 probat

489 3245 790 3300 corruptum
812 3253 875 3288 ex
897 3238 1147 3292 abditivos.
1180 3241 1450 3291 Dacerins.

555 3320 583 3356 Ι
612 3312 829 3379 Abemie]
868 3315 1189 3367 Glossarium
1216 3333 1229 3366 ε
1282 3318 1297 3344 4
1316 3316 1546 3380 Abemit,

478 3391 558 3441 'ab
582 3406 645 3442 eo
669 3393 895 3457 accepit,
930 3392 1143 3450 ἔλαβεν]
1207 3394 1294 3446 Sic
1330 3395 1545 3445 ‘Surre-

493 3468 621 3530 mlt,'
657 3485 855 3520 sursum
895 3472 1057 3522 emit:
1094 3471 1191 3524 hoc
1225 3480 1323 3537 est,
1369 3489 1543 3525 susce·

492 3546 599 3610 pit:
625 3554 698 3611 et,
722 3547 1102 3615 ‘Surrempsit,’
1123 3550 1542 3615 susceperit-Jos.

482 3621 734 3686 ‘Scaliger-

553 3700 795 3764 Abemito]
837 3699 1008 3753 mosa.
1056 3703 1324 3768 ‘Abomit,
1368 3707 1433 3758 ab
1480 3723 1544 3758 eo

490 3777 717 3841 accepit,
738 3776 947 3835 ἔλαβεν]
1016 3781 1220 3844 Emere,
1246 3784 1381 3849 quod
1407 3799 1544 3835 nune

478 3851 722 3911 merceri.
736 3852 973 3921 Antiquis
984 3857 1308 3922 significabat
1322 3875 1544 3925 sumere,

487 3930 744 3991 accipere.
810 3932 897 3982 Sic
930 3934 946 3962 ‘
967 3936 1230 3986 surremitt
1252 3935 1269 3961 ⁹
1289 3940 1322 3986 l.
1344 3951 1544 3987 sursum

489 4007 634 4068 emit,
658 4009 882 4073 occepit,
907 4011 1070 4062 Lucil.
1110 4011 1126 4039 ‘
1144 4012 1312 4078 Inque
1336 4026 1542 4066 manum

489 4085 726 4134 surremit
770 4086 995 4138 hastam?
1062 4088 1130 4138 Et
1161 4090 1176 4116 4
1201 4091 1543 4154 surrempsit:

476 4161 796 4229 'siioeeperit.
882 4162 1018 4219 Vide
1075 4164 1127 4218 in
1196 4167 1212 4195 ‘
1251 4167 1543 4226 Surremit,'

488 4234 615 4290 Doc-

1683 2082 1709 2116 Β
1735 2083 2033 2148 Abgregnre]
2075 2080 2377 2145 Abgregsre
2413 2087 2468 2130 et
2495 2080 2681 2144 Segre-

1621 2174 1743 2224 gare
1779 2175 1876 2210 non
1910 2169 2015 2212 tam
2048 2174 2116 2213 ex
2157 2158 2384 2223 pluribus
2420 2157 2682 2223 gregibus,

1621 2252 1770 2304 quam
1790 2252 1855 2287 ex
1880 2254 2037 2302 grege
2055 2251 2280 2288 seorsum
2301 2236 2509 2309 ducere,
2531 2236 2678 2287 mem.

1686 2312 1699 2346 ¹
1735 2314 1853 2363 Cum
1873 2316 1998 2378 opud
2023 2315 2258 2379 Antiquos
2276 2313 2405 2378 opes]
2425 2313 2558 2366 Quis
2580 2313 2679 2361 Ve-

1626 2397 1761 2442 teres
1802 2393 2099 2456 pecuariam
2140 2392 2473 2454 exercebant,
2514 2392 2588 2442 ita
2620 2400 2681 2441 ut

1628 2469 1790 2519 omnis
1815 2483 1993 2520 eorum
2016 2469 2166 2533 eopia
2186 2470 2240 2520 in
2275 2483 2463 2533 pecore
2489 2470 2679 2522 consis-

1630 2554 1786 2609 teret,
1811 2556 1867 2597 ut
1889 2563 1954 2598 ex
1977 2547 2149 2598 Sacris
2166 2546 2349 2597 Literis
2375 2555 2431 2596 et
2450 2547 2680 2597 Homero

1629 2626 1741 2688 ipso
1761 2632 1954 2675 notum.
2023 2623 2156 2675 Inde
2184 2623 2245 2675 fit
2270 2633 2325 2674 nt
2349 2625 2600 2689 hodieque
2625 2634 2681 2677 et

1628 2706 1644 2732 4
1666 2702 1945 2765 pecuniss'
1999 2710 2052 2752 et
2104 2701 2373 2767 ‘peculia’
2429 2701 2682 2754 dicamus.

1628 2778 1760 2827 Vide
1809 2780 1825 2808 ‘
1851 2779 2115 2830 Pecunia!
2178 2780 2311 2831 Inde
2351 2781 2506 2832 etism
2549 2795 2678 2848 opes

1630 2871 1722 2921 pro
1745 2855 1963 2921 divitiis,
1997 2858 2135 2922 quod
2161 2857 2379 2925 Antiqui
2416 2874 2538 2909 oves
2574 2875 2681 2923 opes
2771 2877 2772 2880 ¹

1628 2932 1891 2985 dicebant.
1961 2936 2109 2986 Unde
2149 2936 2496 3001 ‘opulentus.’
2532 2935 2681 2986 πολύ-

1620 3020 1790 3078 μηλος.
1830 3013 1981 3062 Varr.
2003 3013 2092 3064 lib.
2117 3027 2180 3067 ιι.
2200 3013 2266 3063 de
2291 3015 2366 3065 Re
2392 3015 2537 3066 Rust.
2562 3030 2676 3080 esp.

1626 3095 1670 3141 1.
1697 3090 1807 3140 ‘De
1830 3091 2054 3156 antiquis
2070 3091 2438 3142 illustrissimus
2461 3094 2678 3159 quisque

1624 3175 1804 3231 putor
1826 3175 1957 3231 erat,
1974 3176 2031 3218 ut
2049 3169 2278 3219 ostendit
2297 3168 2488 3220 Graeca
2505 3179 2560 3222 et
2583 3169 2678 3219 Ls-

1626 3244 1736 3294 tina
1773 3244 1966 3310 lingua,
2013 3252 2068 3294 et
2109 3254 2314 3296 veteres
2360 3245 2549 3311 poetae,
2590 3247 2678 3312 qui

1627 3321 1753 3370 alios
1778 3328 1965 3371 vocant
1985 3321 2268 3388 καλύψας,
2305 3323 2432 3374 alios
2467 3321 2679 3387 πολυμή-

1624 3400 1757 3466 λους,
1775 3402 1901 3453 elios
1923 3402 2240 3464 πολυβοῦτας,
2261 3406 2344 3470 qui
2365 3406 2505 3470 ipsus
2522 3422 2678 3472 pecu·

1626 3478 1716 3529 des
1750 3488 1963 3545 propter
1995 3483 2269 3534 caritstem
2306 3498 2490 3535 aureus
2522 3485 2679 3536 babu-

1626 3556 1725 3606 isse
1751 3558 1911 3622 pelles
1937 3558 2296 3612 tradiderunt?
2329 3561 2481 3615 Idem.

1689 3632 1714 3668 ¹¹
1744 3637 2018 3701 Abietoria]
2052 3638 2283 3701 Mallem,
2323 3640 2571 3694 Abietaria
2598 3657 2676 3693 ne·

1620 3712 1848 3776 gotiotio,
1869 3731 2007 3778 quam
2031 3718 2407 3768 materiationem
2441 3736 2563 3770 nune
2601 3722 2676 3771 di·

1622 3789 1798 3842 ct'mus:
1833 3790 2048 3856 subjicit
2088 3794 2254 3846 enim:
2298 3795 2314 3823 ‘
2334 3796 2578 3847 videlicet
2611 3798 2675 3847 sb

1624 3865 1879 3915 abietibus
1902 3867 2232 3932 coemendis,⁹
2260 3880 2319 3924 ut
2347 3887 2448 3923 non
2472 3874 2576 3925 sint
2599 3874 2674 3940 ξύ-

1622 3950 1704 4001 λα,
1735 3944 1822 3993 sed
1847 3945 2117 4012 ξυλουργία,
2141 3962 2293 4013 quam
2319 3949 2585 4002 Vitruvius
2620 3960 2675 4004 et

1619 4020 1707 4069 elii
1744 4029 1888 4072 reete
1923 4025 2400 4076 ‘materiatiouem’
2444 4038 2667 4081 vocant:

1621 4098 1882 4163 vulgarem
1922 4108 2091 4151 tamen
2129 4103 2403 4155 lectionem
2447 4108 2674 4158 retinere

1622 4187 1907 4237 possumus.
1943 4176 2198 4228 ,roasa-01.

1690 4250 1936 4304 abietaria
1961 4252 2172 4319 negotio]
2206 4255 2414 4308 Fulvius
2455 4253 2671 4312 Ursinus
