3020 4853
654 402 749 448 DE
802 398 1207 448 vssttssoRUat
1257 397 1881 447 SIGMFtcA't'tONss
1932 399 2073 447 LlB.
2121 401 2168 448 1.

2421 384 2508 448 ⁴3

327 547 840 632 Adpromissor⁵
899 552 1019 625 est,
1069 547 1190 632 qui
1237 546 1416 632 quod
1465 566 1590 611 suo
1635 549 1900 612 nomine
1950 548 2282 632 promisit,
2327 547 2504 614 idem

410 671 530 734 pro
564 651 772 717 altero
798 671 1070 741 quoque
1103 651 1449 735 promittit.

324 752 758 835 Adrumavit:
785 775 1108 821 rumorem
1138 756 1319 833 fecit,
1338 757 1481 820 sive
1512 763 2112 820 commurmuratus
2143 763 2287 820 est:
2323 755 2501 840 qtiod

402 861 673 924 verbum
704 861 973 943 qnidam
1022 880 1065 925 a
1113 860 1387 937 rumine,
1435 859 1502 923 id
1534 867 1661 935 est,
1713 870 1898 943 parte
1943 859 2230 943 gutturis
2275 866 2505 944 putant

405 961 668 1029 deducL

322 1063 720 1131 Adsciscere
742 1076 768 1102 ¹³
812 1074 910 1131 est
938 1068 1309 1152 adjungere,
1334 1067 1438 1132 vel
1463 1066 1830 1132 adsumere.

321 1167 664 1253 Adscripti
691 1180 715 1207 ¹
760 1171 1171 1251 dicebantur,
1209 1176 1324 1257 qni
1361 1173 1430 1236 in
1472 1172 1783 1237 colonias
1830 1173 2106 1238 nomina
2136 1171 2504 1249 dedissent,

403 1280 480 1338 ut
508 1282 735 1340 essent
763 1276 1004 1340 coloni.

322 1375 809 1464 Adscripticiis
855 1381 1053 1445 veluti
1104 1380 1380 1465 quidam
1428 1380 1664 1464 scripti
1711 1380 2148 1461 dicebantur3
2195 1381 2312 1466 qui
2344 1400 2506 1466 sup-

1303 1535 1347 1583 N
1359 1532 1522 1584 0⁷1⁸AE

319 1645 394 1679 reu
420 1645 517 1694 pro
539 1630 691 1681 laude
714 1633 876 1697 accipi
905 1637 1075 1695 coepta
1100 1628 1199 1694 est,
1228 1638 1371 1694 post-

319 1723 466 1771 quam
501 1711 762 1772 proeminm
787 1710 1034 1760 militibus
1058 1708 1370 1759 frumentum

319 1792 446 1847 erat,
472 1792 622 1849 parta
650 1786 881 1837 victoria.
939 1788 1182 1836 Plautus:
1227 1789 1242 1814 ‘
1268 1787 1371 1840 Qui

319 1862 476 1911 multa
525 1862 702 1925 praeda
760 1872 914 1928 atque
966 1867 1152 1914 adorea
1196 1863 1370 1915 affecit

324 1940 584 2005 popularis
614 1940 763 1999 suos?
793 1942 901 1991 Jos.
927 1943 1059 1992 Scul.

379 2017 641 2081 Adur-enm]
675 2019 949 2084 Distingne
989 2027 1104 2083 post
1139 2023 1370 2083 adoream,

318 2094 409 2144 hoc
443 2096 619 2152 modo,
654 2098 891 2157 adoream,
913 2099 1112 2162 laudem,
1140 2098 1238 2147 sire
1264 2100 1367 2161 glo·

317 2172 454 2222 rium.
515 2172 676 2221 Parta
702 2173 916 2223 victoria
940 2172 1250 2223 frumentum
1275 2178 1368 2223 mi·

315 2249 484 2299 litibus
533 2249 754 2299 dabatur
796 2250 844 2299 in
903 2254 1185 2315 pra-mium,
1235 2252 1367 2301 unde

316 2326 504 2378 factum
534 2335 594 2376 nt
617 2328 802 2378 adorea
838 2345 929 2393 pro
953 2329 1105 2378 laude
1128 2339 1183 2379 et
1208 2331 1370 2393 gloria

316 2401 412 2454 dici
435 2410 614 2469 coepta
636 2404 721 2456 sit.
779 2405 963 2470 Itaque
985 2407 1176 2470 optime
1197 2407 1367 2460 Gloss.

314 2483 329 2511 ‘
357 2482 586 2545 Adorea,
618 2481 724 2546 δόξη
754 2482 783 2544 ἦ
814 2485 906 2534 ἀπὸ
927 2486 1014 2533 τοῦ
1035 2484 1298 2546 πολέμου;’
1332 2488 1367 2537 i.

317 2558 449 2610 Laus
472 2577 593 2626 quae
619 2562 752 2612 bello
790 2572 936 2626 parta
966 2571 1065 2612 est.
1138 2562 1196 2612 In
1220 2563 1368 2612 Glos-

314 2639 446 2689 sario
473 2648 584 2689 vet.
610 2648 665 2690 ut
688 2643 877 2704 optime
905 2643 1100 2690 monuit
1124 2642 1370 2703 Scaliger,

318 2716 527 2789 legitur,
546 2718 808 2772 adoriosus,
828 2718 1009 2781 ἔνδοξος
1030 2719 1090 2769 ὣς
1113 2718 1369 2780 nouantur.

313 2796 457 2859 Adur,
478 2794 589 2853 νίκη
609 2795 670 2845 ὥς
690 2796 928 2857 Πομπήϊος
946 2815 959 2848 :
994 2798 1029 2850 i.
1066 2797 1371 2859 Adoriosus,

314 2874 587 2934 gloriosus,
626 2881 681 2922 ut
722 2877 795 2924 ait
837 2875 1136 2939 Pompeius.
1205 2875 1372 2937 Ador,

316 2951 548 3015 victoria,
591 2960 649 3001 ut
689 2953 982 3017 Pompeius.
1066 2952 1170 3003 Ubi
1214 2953 1372 3003 mani·

314 3023 446 3078 festo
472 3035 707 3077 nostrum
738 3030 1039 3092 Pompeium
1061 3030 1273 3079 Festum
1301 3030 1375 3079 in·

316 3105 522 3170 telligit,
550 3115 605 3153 et
632 3120 693 3154 ex
718 3107 780 3156 iis
808 3121 957 3171 qnam
979 3108 1138 3156 multa
1156 3109 1220 3156 ad
1242 3107 1374 3156 arbi·

313 3179 463 3231 trium
507 3197 656 3232 snum
702 3185 1001 3243 mutaverit,
1045 3184 1375 3244 mutilaverit,

317 3261 630 3321 perverterit
656 3261 870 3321 Paulus,
890 3259 1041 3310 facile
1064 3261 1263 3311 adverti
1286 3275 1375 3326 po·

317 3344 436 3399 test,
470 3353 589 3388 nam
625 3353 738 3403 quae
773 3337 1065 3388 Glossarins
1097 3339 1185 3387 ille
1220 3352 1374 3386 1111110·

318 3425 410 3471 tat.
451 3431 517 3466 ex
558 3416 656 3466 ltoc
700 3417 901 3480 integro
941 3417 1053 3466 loco
1100 3416 1373 3480 depromta

318 3502 432 3542 snut
456 3493 656 3558 absque
687 3493 789 3543 ullo
812 3492 986 3542 dubio.
1021 3494 1145 3543 Dae.

378 3576 396 3600 ⁸
429 3570 786 3634 Adpromissor]
834 3570 1121 3619 Promissor
1159 3570 1373 3634 promit-

318 3647 398 3711 tit,
421 3649 772 3712 adpromissot·
804 3646 1149 3712 adpromittit,
1187 3647 1237 3698 id
1277 3656 1375 3706 est,

317 3724 450 3788 qnod
500 3727 633 3774 alter
683 3725 917 3788 promisit
964 3726 1013 3774 in
1065 3739 1121 3774 se
1168 3725 1373 3790 recipit.

315 3802 417 3852 Sed
444 3804 525 3854 liic
545 3803 684 3853 Festi
711 3804 849 3852 locus
872 3803 1078 3853 mutilus
1105 3811 1203 3863 est,
1226 3805 1371 3867 quip-

319 3893 382 3941 pe
431 3894 497 3929 ex
539 3894 603 3929 eo
649 3894 748 3928 111111
791 3893 886 3929 vox
933 3879 1151 3930 excidit.
1236 3880 1373 3943 Lege

320 3957 492 4019 igitur,
525 3956 859 4019 Adpromimr
895 3963 964 4005 est
1004 3958 1085 4021 qui
1128 3960 1250 4021 quod
1291 3973 1374 4007 suo

320 4035 503 4083 nomine
532 4033 746 4097 promisit
778 4036 917 4097 alter,
952 4034 1074 4083 idem
1109 4050 1194 4098 pro
1226 4032 1376 4086 attero

321 4122 498 4173 qnoque
515 4109 781 4173 promittit.-
806 4110 926 4160 niltil
951 4113 1158 4162 certius.
1195 4112 1343 4163 Idem.

382 4190 399 4220 ⁸
418 4186 729 4251 Admovit]
758 4188 1210 4253 Frequentatlvum
1237 4203 1378 4239 usur-

324 4269 462 4328 ,ravit
513 4264 748 4328 Naevius,
794 4266 1043 4317 Rumitmtt
1063 4284 1079 4315 .·
1134 4268 1149 4295 ‘
1192 4268 1376 4318 simitu

264 4349 271 4358 “
324 4346 447 4394 altus
474 4342 680 4394 aliunde
706 4343 951 4396 rumitant
974 4344 1110 4395 inter
1132 4345 1224 4396 se!
1279 4346 1377 4396 Est

1444 1644 1628 1701 ‘versus
1668 1630 1957 1680 Saturnius.
2036 1629 2236 1695 Alioqui
2278 1631 2505 1691 Rumare,

1453 1717 1535 1758 est
1578 1705 1822 1773 θηλάζειν,
1860 1717 1916 1759 ut
1959 1707 2025 1759 de
2072 1709 2216 1772 agnis
2259 1708 2506 1758 dicebant

1452 1787 1691 1849 Veteres,
1750 1804 1873 1852 quos
1934 1795 2213 1851 propterea
2265 1787 2507 1835 subt-amos

1454 1864 1728 1913 vocabant.
1808 1863 2075 1927 Significat
2116 1864 2238 1912 item
2283 1861 2506 1925 ψωμίζειν

1450 1938 1537 1989 τὸν
1559 1942 1716 1990 παῖδα.
1786 1942 2100 1991 Glossarium
2121 1958 2132 1988 :
2168 1946 2182 1968 ⁸
2206 1940 2403 2000 Rumut,
2427 1941 2505 1999 ἐμ·

1450 2016 1760 2081 βρωματίζει.’
1824 2016 1927 2067 Sed
1954 2016 2205 2066 Isidorus:
2239 2016 2507 2065 ‘Aur-uma-

1450 2098 1540 2156 vr‘t‚
1579 2109 1836 2144 rumorem
1867 2094 2078 2151 attulit,’
2114 2094 2330 2142 Veteres
2355 2094 2506 2143 Glos-

1451 2187 1551 2222 sae:
1581 2174 1595 2201 ‘
1617 2172 1864 2234 Adrumo,
1888 2186 2154 2234 conrnmo,
2177 2168 2374 2234 φημίζω,
2400 2173 2509 2219 vul-

1451 2249 1556 2316 go!
1588 2251 1694 2301 Jos.
1718 2250 1845 2300 Scnl.

1516 2327 1823 2390 Adrumavit]
1856 2327 2042 2377 Isidor.
2071 2326 2119 2375 in
2156 2326 2326 2378 Gloss.
2361 2333 2374 2354 ’
2401 2324 2509 2375 Ad·

1451 2406 1693 2465 minavit,
1719 2418 1973 2475 rumorem
2000 2401 2211 2454 attulit.'
2253 2403 2316 2452 Et
2340 2403 2509 2453 Gloss.

1452 2493 1557 2532 vet.
1574 2486 1588 2510 ⁸
1602 2485 1831 2544 adrnmo,
1847 2497 2109 2544 nonturno,
2183 2478 2315 2541 μίζω,
2329 2479 2514 2543 vulgo!

1450 2559 1497 2609 Α
1524 2575 1652 2608 ruma
1679 2559 2110 2623 frequentativum
2133 2559 2324 2607 rumito.
2389 2557 2509 2606 Nae-

1454 2641 1596 2696 vius:
1632 2642 1647 2669 ¹
1673 2640 1854 2689 Simitu
1883 2640 2008 2688 alius
2034 2638 2235 2688 aliunde
2263 2639 2512 2688 rumitant

1451 2718 1587 2768 inter
1610 2717 1701 2766 se!
1765 2717 1898 2766 Vide
1922 2719 1937 2745 ‘
1961 2715 2212 2766 Rumtto:
2244 2718 2364 2767 Duc.

1517 2802 1538 2827 ¹¹
1561 2793 1859 2857 Aust-imre]
1882 2795 2099 2858 Proprie
2126 2795 2314 2857 populo
2334 2792 2511 2844 suffra-

1449 2871 1584 2939 gium
1611 2872 1810 2921 ferente
1831 2872 2098 2936 adoptare,
2115 2886 2391 2932 asstttnere,
2408 2872 2511 2920 vel-

1457 2951 1532 2998 uti
1581 2948 1737 3012 leges,
1781 2949 1924 3010 ritus,
1978 2963 2163 3010 mores,
2211 2957 2263 2997 et
2307 2947 2511 2997 similia.

1458 3026 1608 3077 Unde
1641 3041 1671 3075 a
1705 3025 1927 3090 publicis
1967 3024 2029 3072 ad
2068 3026 2266 3089 privata
2298 3026 2513 3072 transla-

1456 3113 1565 3154 tum
1589 3104 1880 3153 adsciscere
1912 3110 1992 3152 est
2023 3105 2117 3150 lioc
2148 3103 2229 3151 vel
2265 3102 2387 3150 illud
2414 3103 2511 3151 sibi

1457 3183 1754 3247 adjungere,
1797 3195 2056 3230 assumere
2098 3180 2149 3229 in
2186 3194 2330 3230 usum
2367 3195 2511 3230 suum

1457 3268 1615 3324 atque
1637 3257 1972 3309 commodum.
2007 3257 2158 3306 Idem.

1522 3343 1546 3369 ¹
1580 3334 1851 3400 Adur-ipit]
1886 3335 1985 3386 Qui
2011 3335 2216 3385 nomina
2240 3333 2514 3396 dederant,

1454 3424 1513 3466 nt
1537 3431 1566 3465 e
1591 3416 1759 3480 patria
1792 3414 1842 3462 in
1875 3414 2127 3463 coloniam
2161 3414 2510 3462 mitterentur.

1454 3494 1565 3544 Liv.
1608 3494 1699 3543 lib.
1747 3504 1864 3541 nv·
1910 3491 2129 3540 ‘Coloni
2171 3490 2420 3555 adscripti
2461 3492 2511 3538 in

1455 3571 1676 3632 colonia,
1729 3585 1880 3636 quarn
1948 3576 2136 3619 testem
2195 3571 2513 3635 integritatis

1446 3649 1776 3712 justitiaeqne
1821 3646 2121 3696 habebant!
2210 3646 2290 3696 Ad
2337 3661 2512 3696 eornm

1454 3725 1839 3774 similitudinem
1869 3733 2048 3788 postea
2075 3723 2381 3787 adscriptitii
2408 3723 2514 3772 dici

1454 3810 1723 3866 coeperunt
1748 3801 2007 3865 agricolae.
2029 3809 2083 3849 et
2120 3800 2286 3848 coloni
2314 3800 2514 3848 rusticis

1456 3879 1662 3944 proediis
1684 3877 1997 3939 excolendis,
2031 3876 2107 3926 sic
2133 3876 2326 3926 addicti
2352 3885 2403 3926 ut
2430 3892 2517 3928 eo·

1457 3972 1565 4005 rum
1589 3956 1758 4019 portio
1785 3952 2018 4018 quaedam
2044 3961 2096 4003 et
2121 3954 2513 4004 instrumentum

1456 4035 1700 4083 rusticum
1754 4040 2110 4093 censerentur,
2154 4040 2209 4081 et
2257 4046 2357 4081 una
2398 4048 2516 4083 cum

1457 4109 1665 4176 praediis
1689 4107 1752 4158 ad
1779 4116 2008 4157 ementes
2034 4107 2326 4157 transirent.
2365 4109 2516 4159 Idem.

1522 4197 1542 4230 1
1585 4183 1920 4249 Adscripticie]
1977 4185 2056 4233 Ex
2114 4185 2209 4242 his,
2263 4200 2376 4250 quae
2435 4186 2514 4234 liic

1456 4271 1762 4320 tractantur,
1781 4263 2026 4313 docemur
2046 4263 2390 4327 Adscripticios
2408 4264 2516 4313 dic·

1459 4352 1536 4394 tos
1575 4343 1848 4406 Accensos,
1891 4348 1944 4391 et
1982 4341 2212 4391 velatos.
2281 4341 2434 4392 Quod
2460 4347 2515 4390 et
