3020 4853
1231 502 1235 506 ’
1370 488 1465 538 m:

686 659 846 747 M.
905 655 1468 750 .VERRIO
1574 656 2148 753 FLACCO.

343 966 723 1056 Vmuuus
754 989 1106 1057 FnAccus
1133 991 1489 1058 libertinus
1521 990 2074 1077 docendi'genere
2104 994 2394 1060 maxime
2422 996 2526 1059 in-

341 1094 617 1159 claruit:
662 1113 948 1179 namque
976 1096 1065 1161 ad
1097 1096 1533 1163 exercitanda
1560 1095 1965 1163 discentium
2004 1099 2270 1183 ingenia
2299 1119 2526 1185 aequa-

338 1196 433 1262 les
460 1199 634 1264 inter
658 1218 730 1263 se
759 1200 1169 1265 committere
1200 1201 1487 1279 solebat,
1517 1203 1870 1286 proposita
1899 1221 2028 1268 non
2061 1203 2279 1268 solum
2310 1210 2524 1267 mate-

338 1302 455 1380 ria,
484 1321 686 1386 quam
712 1302 1095 1381 scriberent,
1120 1304 1242 1369 sed
1286 1311 1356 1369 et
1399 1306 1702 1389 praamio,
1736 1305 1918 1389 quod
1954 1307 2167 1373 victor
2200 1306 2525 1372 auferret:

340 1404 405 1468 id
445 1413 587 1471 erat
628 1405 796 1471 liber
840 1406 1089 1491 aliquis
1130 1407 1469 1493 antiquus,
1507 1408 1805 1492 pulcher,
1835 1418 1954 1476 aut
1979 1411 2209 1476 rarior.
2297 1408 2527 1490 Quare
2615 1407 2626 1413 ’

341 1510 433 1574 τὼ
450 1507 752 1594 Augusto
770 1530 1044 1594 quoque
1068 1512 1431 1597 nepotibus
1458 1512 1606 1596 ejus
1630 1522 2009 1597 praeceptor
2034 1514 2291 1579 electus
2313 1520 2536 1578 trans-

339 1613 417 1677 iit
445 1614 515 1678 iu
557 1611 890 1696 palatium
930 1633 1084 1680 cum
1118 1619 1261 1681 tota
1291 1614 1565 1682 schola:
1609 1635 1843 1682 verum
1880 1626 1959 1683 ut
1991 1636 2209 1702 neque
2234 1617 2528 1702 amplius

340 1716 627 1800 posthac
656 1715 1061 1801 discipulum
1091 1718 1430 1801 reciperet.
1508 1719 1900 1807 Docuitque
1924 1720 1991 1784 in
2022 1719 2195 1785 atrio
2228 1717 2532 1786 Catilium

337 1817 595 1897 domus,
624 1837 779 1903 quae
824 1839 982 1904 pars
1026 1819 1261 1903 palatii
1303 1827 1462 1886 tunc
1508 1828 1675 1899 erat,
1704 1830 1772 1888 et
1809 1822 2118 1887 sestertia
2146 1828 2432 1888 centena
2459 1822 2530 1886 in

339 1940 582 1986 annum
655 1922 946 2006 accepit.
1069 1923 1382 1989 Decessit
1440 1926 1666 1991 aetatis
1724 1933 1992 1991 exactae
2053 1926 2179 1990 sub
2238 1923 2531 1991 Tiberio.

338 2025 642 2092 Statuam
686 2025 885 2093 habet
940 2027 1316 2093 Praeneste¹
1377 2029 1449 2094 in
1498 2028 1803 2094 inferiore
1862 2028 1986 2094 fori
2046 2036 2242 2113 parte
2300 2038 2536 2094 contra

337 2126 798 2212 hemicyclum,
864 2128 935 2192 in
990 2149 1127 2214 quo
1178 2128 1396 2196 fastos
1443 2149 1487 2196 a
1538 2150 1613 2195 se
1658 2130 2002 2197 ordinatos
2047 2139 2116 2197 et
2163 2150 2533 2197 marmoreo

340 2231 582 2314 parieti
611 2230 860 2297 incisos
887 2232 1281 2316 publicarat.
1361 2230 1467 2298 Ex
1501 2231 1672 2298 Suet.
1702 2232 1777 2298 de
1810 2230 2277 2301 Grammaticis.

425 2404 821 2471 Scribonius
839 2404 1321 2491 Aphrodisius,
1352 2406 1601 2472 Orbilii
1627 2426 1862 2476 servus
1894 2414 2101 2493 atque
2134 2407 2532 2493 discipulus,

338 2528 503 2575 mox
551 2529 594 2575 a
642 2510 999 2577 Scribonia
1046 2510 1327 2576 Libonis
1374 2509 1540 2589 filia,
1592 2529 1745 2594 quae
1797 2511 1979 2594 prior
2030 2509 2323 2594 Augusti
2368 2530 2539 2576 uxor

336 2612 569 2690 suerat,
615 2614 965 2693 redemtuS,
1002 2619 1073 2684 et
1109 2613 1587 2693 manumissuS,
1618 2613 1852 2679 docuit
1877 2634 2016 2700 quo
2043 2613 2326 2680 Verrius
2371 2623 2541 2680 tem-

337 2735 536 2799 poret
565 2715 761 2802 cujus
789 2717 993 2783 etiam
1018 2717 1220 2783 libros
1242 2717 1329 2784 de
1351 2715 1848 2801 orthographia
1871 2717 2213 2801 rescripsit
2227 2737 2360 2783 non
2390 2717 2537 2783 sine

339 2819 781 2886 insectatione
812 2821 1205 2900 studiorum,
1238 2838 1628 2903 morumque
1659 2818 1826 2904 ejus.
1916 2816 2022 2885 Ex·
2053 2816 2314 2885 Eodem.
2395 2833 2398 2834 ’

427 2992 739 3060 Marcum
762 2993 1035 3079 quidem
1066 2993 1456 3071 Antonium,
1480 3000 1558 3059 ut
1587 2993 1914 3073 insanum,
1939 2994 2245 3077 increpat
2272 2990 2541 3076 Augus-

344 3101 474 3174 tus,
521 3098 716 3183 quasi
768 3118 855 3163 ea
892 3099 1324 3176 scribentem,
1372 3115 1530 3181 quae
1575 3095 1897 3161 mirentur
1943 3096 2173 3180 potius
2225 3095 2543 3175 homines,

345 3218 546 3284 quam
597 3200 989 3285 intelligant,
1037 3203 1163 3267 &m
1247 3199 1488 3285 Tuque
1541 3199 1836 3278 dubitas,
1890 3199 2133 3284 inquit,
2185 3196 2541 3265 Cimberne

345 3300 634 3383 Annius,
659 3322 743 3369 an
761 3303 1043 3370 Verrius
1071 3303 1366 3369 Flaccus
1394 3301 1700 3366 imitandi
1729 3302 1867 3367 sint
1895 3301 2040 3381 tibi,
2071 3302 2167 3366 ita
2195 3308 2273 3365 ut
2293 3300 2544 3379 verbis,

350 3425 499 3490 quae
531 3404 811 3491 Crispus
859 3406 1226 3473 Sallustius
1280 3405 1629 3489 excerpsit
1679 3423 1772 3469 ex
1818 3403 2186 3486 originibus
2238 3403 2545 3481 Catonis,

348 3508 562 3574 utaris
583 3509 613 3572 Ἰ
659 3528 744 3575 an
770 3509 996 3595 potius
1020 3508 1480 3576 Asiaticorum
1504 3510 1842 3571 oratorum
1865 3506 2173 3572 inanibus
2200 3506 2547 3571 sententiis

350 3611 703 3678 verborum
732 3611 1121 3678 volubilitas
1165 3611 1234 3675 in
1270 3618 1576 3675 nostrum
1629 3627 1993 3677 sermonem
2038 3607 2499 3675 transferenda
2513 3609 2545 3674 ‘l

353 3709 456 3786 Et
489 3710 653 3780 End.
682 3714 853 3802 Aug.
882 3714 993 3781 86.

438 3889 617 3956 Ante
648 3888 905 3954 obitum
935 3886 1228 3972 Augusti
1271 3905 1448 3953 anno
1496 3892 1734 3972 quarto
1762 3883 2234 3953 Athenodorus
2260 3882 2547 3949 Tarsen-

352 3993 443 4057 sis
474 3992 735 4058 stoicus
766 3988 1243 4075 Philosophus,
1272 3996 1341 4054 et
1386 3989 1488 4055 M.
1520 3988 1800 4071 Verrius
1845 3987 2139 4054 Flaccus
2171 3988 2546 4071 grammati-

354 4114 499 4176 cus,
524 4095 816 4178 insignes
845 4091 1183 4158 habentur.
1274 4088 1381 4155 Ex
1412 4088 1644 4156 Euseb.
1671 4089 1741 4154 in
1775 4084 2006 4155 Chron.

954 4258 978 4301 ι
1019 4250 1121 4302 Alii
1139 4266 1228 4317 pro
1257 4251 1413 4303 Veuae
1434 4251 1572 4316 conj.
1595 4256 1730 4304 teste
1752 4246 1949 4312 Scalig-
