3020 4853
712 385 809 434 Du
857 388 1266 441 VERBORUM
1315 391 1932 450 slGNwch'rloNE
1983 403 2121 452 mn.
2170 406 2217 453 Ι.

2467 391 2552 459 83

380 529 807 615 Apollinares
839 534 1093 615 lud0s‚⁸
1136 539 1264 605 hoc
1310 548 1441 621 est,
1473 543 1543 607 in
1582 545 1843 611 laudem
1884 547 2231 635 Apollinis,
2263 555 2548 639 populus

460 636 799 703 laureatus
827 644 1174 724 spectabat
1197 646 1371 730 stipe
1400 647 1563 713 data
1589 670 1711 733 pro
1746 652 2063 738 cujusque
2098 657 2321 741 copia.

376 736 644 825 Apor‚¹⁶
665 737 689 776 ¹³
738 744 938 828 apud.

375 841 926 928 Appellitavisse,
961 851 1357 935 appellasse.

375 944 609 1032 Appia
637 948 793 1028 via,i
821 959 885 1018 et
913 973 1091 1038 aqua
1114 956 1200 1019 ab
1231 955 1461 1043 Appio
1493 959 1782 1027 Claudio
1811 969 1918 1028 est
1948 966 2306 1050 appellata.

373 1044 694 1131 Apricum
722 1047 747 1086 ¹³
776 1053 1003 1120 locum
1034 1076 1077 1121 a
1096 1057 1255 1123 Sole
1286 1069 1617 1146 apertum:
1649 1083 1690 1130 a
1710 1064 1955 1131 Graeco
1984 1072 2318 1137 vocabulo
2351 1071 2562 1159 φρίκης.

458 1155 853 1237 appellatur,
875 1160 1063 1242 quasi
1093 1159 1351 1248 ἄφςίκης,
1386 1164 1454 1229 id
1475 1169 1747 1233 estsine
1774 1169 2062 1251 horrore,
2092 1172 2407 1241 videlicet
2428 1177 2543 1243 fri-

457 1257 669 1338 goris:
714 1260 890 1325 unde
912 1260 1114 1328 etiam
1136 1271 1404 1349 putatur
1432 1268 1689 1337 Africa¹
1721 1275 2064 1357 appellari.

371 1354 596 1441 Aptus
621 1369 662 1397 ¹¹¹
700 1383 855 1461 cum
885 1369 1152 1451 propria
1182 1371 1658 1454 significatione
1688 1376 2102 1461 intelligatur,
2130 1384 2289 1468 poni
2324 1390 2543 1448 tamen

456 1463 631 1528 solet
651 1486 774 1550 pro
796 1467 1073 1554 adepto:
1117 1474 1287 1538 sicut
1329 1476 1548 1559 apisci
1565 1485 1593 1513 ¹¹
1621 1498 1741 1563 pro
1773 1480 2075 1565 adipisci.

371 1563 623 1651 Apua,⁰
651 1590 857 1654 genus
888 1574 1139 1640 minimi
1165 1577 1494 1661 pisciculi.

1275 1761 1459 1785 OM?

438 1869 499 1915 16
532 1867 755 1921 Quidam
782 1873 923 1937 Apol.

1461 1762 1579 1784 ‘m
1583 1765 1638 1786 00

1351 2047 1566 2101 NOTAE

365 2161 563 2198 summa
585 2151 774 2217 puppis
789 2160 1064 2218 ραι-ἱερου
1083 2158 1135 2207 ἰιι
1159 2172 1329 2224 prora,
1354 2170 1412 2212 ut

361 2225 599 2290 plerique
619 2228 870 2281 Veterum
889 2233 1224 2301 scripserunt,
1257 2239 1412 2288 collo·

363 2310 568 2355 cantur.
648 2305 782 2356 Nam
816 2322 929 2373 quae
964 2310 1014 2359 iu
1056 2326 1209 2375 prora
1243 2324 1409 2378 erant,

278 2433 293 2447 ·
358 2375 673 2431 dicebantur
701 2385 988 2438 acrostolia.
1053 2387 1301 2452 Aplustrin
1324 2406 1409 2442 sn·

360 2463 466 2505 tem
500 2465 555 2507 et
586 2460 816 2522 numm,
852 2476 966 2513 nam
1002 2471 1222 2531 utroque
1260 2468 1409 2519 modo

357 2531 616 2597 Antiquos
632 2538 905 2600 protulisse
922 2539 1078 2591 docet
1093 2541 1408 2606 Priscianus,

359 2608 553 2660 Graece
575 2610 816 2676 Εφλαστα,
841 2626 1020 2678 postea
1034 2621 1342 2683 emplastrum
1352 2631 1407 2672 et

355 2687 613 2749 amphiare
633 2690 827 2740 dictum
846 2703 941 2743 est.
975 2694 1098 2744 Duc.

420 2772 449 2809 τ
473 2765 775 2829 Apollinares
803 2769 958 2834 ludos]
995 2771 1098 2823 Qui
1121 2770 1314 2824 fiebant
1338 2772 1407 2825 iii.

356 2854 515 2890 nonas
557 2843 778 2895 Quintil.
846 2847 1033 2896 Eorum
1056 2849 1198 2914 origo
1222 2863 1286 2897 ex
1310 2850 1406 2901 Cu.

356 2918 544 2968 Martii
564 2921 875 2971 carminibus
898 2925 1081 2987 petita,
1100 2941 1213 2991 quae
1237 2926 1407 2991 legere

356 2996 555 3059 poteris
579 2999 716 3062 apud
741 2999 850 3050 Ην.
873 2999 967 3050 lib.
993 3014 1129 3053 xxv.
1166 3004 1308 3055 sect.
1331 3009 1411 3054 12.

420 3149 447 3184 ὓ
482 3152 638 3218 Apor]
673 3152 1007 3217 Glossarium,
1036 3157 1052 3184 ⁸
1077 3156 1212 3222 Ape,
1247 3158 1409 3223 rupti?

356 3233 418 3279 ut
460 3228 513 3278 in
558 3231 806 3283 alterutro
865 3232 1103 3282 mendum
1159 3235 1243 3286 sit.
1297 3237 1404 3286 Jos.

417 3383 579 3448 Aper]
614 3382 723 3434 Pro
744 3400 878 3448 uper,
903 3391 961 3434 ut
984 3383 1199 3452 Antiqui
1218 3387 1407 3438 scribe·

353 3458 484 3508 bant
517 3474 613 3523 pro
639 3464 779 3523 opud.
841 3460 916 3510 Ut
937 3467 1184 3511 arentum
1205 3477 1299 3527 pro
1321 3467 1405 3514 ud·

351 3541 559 3585 senmu-
626 3537 768 3587 Male
790 3538 994 3601 quidam
1015 3544 1142 3601 apoc.
1174 3540 1309 3590 Duc.

418 3614 433 3646 ¹
465 3613 624 3677 Appio
642 3616 747 3681 viu]
782 3617 913 3668 Quae
940 3616 1005 3665 ab
1028 3616 1152 3667 urbe
1173 3616 1408 3667 Brundu-

352 3690 482 3741 sium
507 3707 671 3756 usque
694 3692 949 3757 lapidibus
985 3700 1151 3744 strata
1180 3702 1313 3757 erat,
1338 3694 1407 3744 ab

353 3773 528 3837 Appio
543 3772 766 3823 Claudio
782 3780 1063 3824 exstructa.
1097 3773 1269 3840 Appia
1289 3778 1406 3825 sim·

353 3850 563 3915 pliciter
605 3849 768 3914 dicta,
811 3850 999 3901 Horat.
1049 3852 1065 3879 ⁸
1109 3851 1283 3902 Minus
1326 3861 1407 3903 est

352 3927 529 3992 gravis
557 3926 734 3991 Appia
762 3926 958 3977 tardis-⁹
1021 3928 1100 3976 De
1134 3942 1266 3992 aqua
1297 3927 1407 3993 Ap-

350 4005 441 4069 pia
474 4004 539 4054 ab
572 4004 754 4054 eodem
791 4004 1008 4054 Claudio
1040 4006 1093 4054 iu
1130 4005 1307 4055 urbem
1332 4008 1406 4056 in·

352 4081 598 4131 troducta
628 4081 865 4131 meminit
896 4081 1082 4132 Cicero
1125 4082 1176 4131 in
1222 4084 1403 4134 Coelio.

417 4236 441 4269 '¹
463 4234 717 4301 apricum]
751 4236 941 4287 Melius
971 4237 1119 4302 quasi
1150 4238 1404 4304 aper-icum,

350 4313 460 4365 Soli
484 4320 742 4380 apertum.
778 4313 924 4364 Idem.

1560 2164 1572 2197 ¹
1613 2166 1747 2216 Unde
1766 2168 1907 2217 etium
1928 2173 2121 2231 putatur
2138 2169 2329 2237 Ali-ico]
2351 2172 2542 2222 Melius

1493 2242 1579 2306 qni
1604 2242 1670 2292 ab
1692 2245 1813 2304 Afro
1848 2258 1945 2293 nnio
1979 2260 2044 2294 ex
2075 2248 2294 2310 posteris
2320 2247 2542 2298 Abrahas

1490 2316 1558 2367 de
1582 2319 1826 2370 cethura.
1899 2321 1999 2370 Alii
2035 2323 2203 2372 aliter.
2268 2324 2372 2374 Sed
2407 2326 2541 2373 solus
2587 2340 2592 2350 ’

1492 2408 1664 2445 veram
1722 2397 1966 2458 originem
2023 2399 2251 2449 ostendit
2321 2401 2546 2451 Doctiss.

1491 2472 1783 2524 Bocbartns
1808 2477 1858 2524 in
1882 2491 1977 2526 suo
2001 2476 2208 2526 Cauaan
2233 2476 2321 2527 lib.
2340 2490 2380 2525 1.
2401 2492 2446 2527 c.
2462 2481 2548 2527 ⁶25.

1489 2551 1576 2602 ubi
1600 2552 1754 2602 docet
1781 2553 2010 2605 Africam
2044 2557 2118 2606 sic
2154 2557 2341 2607 dictam
2367 2572 2397 2607 a
2423 2557 2543 2606 1²oe-

1488 2629 1564 2677 nis
1588 2629 1652 2678 ab
1677 2629 1900 2682 Arabico
1933 2633 2097 2696 plaerio
2118 2633 2224 2683 sive
2248 2632 2377 2695 serie
2396 2634 2542 2698 opica.

1488 2707 1631 2769 quasi
1678 2714 1869 2758 terram
1912 2710 2089 2773 spica,
2132 2708 2186 2759 id
2229 2717 2328 2773 est,
2370 2710 2548 2774 phrasi·

1486 2797 1628 2833 mere
1643 2783 1842 2835 Punica
1855 2787 1922 2848 τῆ
1945 2787 2200 2849 εὕσταχυς,
2217 2794 2354 2836 terra
2377 2786 2543 2849 spica-

1488 2873 1598 2908 rum
1642 2859 1807 2926 ferax,
1861 2864 2063 2927 qualem
2112 2861 2271 2912 fuisse
2306 2860 2541 2911 Africam

1487 2948 1664 2984 omnes
1709 2937 1941 3001 tradunt,
1986 2939 2119 2987 nude
2162 2945 2216 2988 et
2260 2939 2312 2987 iu
2357 2939 2541 2987 notitia

1485 3010 1698 3075 Imperii
1718 3014 1999 3076 symbolum
2030 3024 2112 3065 est
2137 3013 2336 3065 Africae
2360 3015 2543 3064 mulier

1487 3087 1634 3138 binas
1658 3098 1875 3155 utraque
1899 3105 2051 3141 manu
2071 3091 2241 3154 spicas
2260 3096 2543 3153 ostentans,

1486 3174 1543 3216 et
1583 3166 1677 3216 snb
1721 3168 1936 3230 pedibus
1972 3168 2100 3219 duas
2140 3169 2336 3218 habeus
2381 3182 2540 3217 naves

1484 3241 1746 3294 frumento
1769 3254 1995 3303 onustas,
2017 3261 2130 3296 cum
2165 3245 2242 3294 his
2269 3245 2432 3294 literis
2457 3259 2539 3292 su-

1486 3335 1648 3385 perne
1694 3322 1986 3387 inscriptis=
2036 3335 2268 3375 raucos.
2311 3334 2538 3372 Armes.

1485 3399 1636 3449 Idem.

1550 3482 1584 3508 ¹¹³
1621 3473 1798 3539 Apeva]
1829 3474 2045 3539 Adeptus
2076 3475 2140 3524 ab
2171 3475 2379 3540 antiqno
2414 3475 2540 3539 opis-

1486 3566 1584 3601 σον.
1646 3553 1799 3603 Unde
1821 3552 2072 3616 adipiscor.
2136 3553 2343 3602 Terent.
2370 3552 2543 3601 Heau-

1488 3637 1594 3680 ton.
1616 3644 1694 3680 ιν.
1718 3634 1765 3680 8.
1798 3631 1814 3659 ⁴
1836 3630 2062 3682 Deorum
2103 3629 2261 3679 vitam
2306 3629 2415 3693 apti
2457 3643 2542 3677 sn·

1487 3705 1630 3756 mus-⁹
1666 3708 1817 3757 Idem.

1553 3790 1577 3816 ²
1611 3783 1750 3834 Sicut
1790 3782 1962 3847 apisci]
2014 3782 2191 3830 Plaut.
2228 3781 2279 3829 in
2325 3778 2540 3840 Prolog.

1484 3859 1714 3911 Rudent.
1747 3860 1883 3911 ‘Qui
1908 3858 1989 3908 bic
2013 3858 2157 3907 litem
2177 3856 2336 3921 apisci
2366 3861 2537 3919 postu-

1482 3938 1596 3987 lant
1620 3934 1883 4002 perjurio!
1916 3935 2063 3985 laem.
2581 3974 2587 3980 .

1547 4021 1573 4045 ⁰
1604 4012 1765 4078 Apud]
1797 4011 1975 4075 Ἀφύην
2013 4011 2202 4062 Graece
2225 4009 2428 4071 dicunt,
2446 4010 2537 4059 sed

1485 4090 1657 4140 Latini
1682 4091 1822 4138 tenni
1850 4103 1944 4153 pro
1965 4090 2189 4153 aspirata
2220 4096 2455 4147 utuutur,
2481 4098 2539 4136 ut

1485 4166 1536 4214 iu
1561 4165 1686 4214 aliis.
1751 4166 1887 4215 Vide
1913 4167 1929 4194 ⁸
1948 4165 2173 4216 Album!
2205 4165 2324 4215 Ant.
2343 4163 2467 4226 Aug·

1550 4240 1715 4306 Apso]
1739 4239 1941 4291 Graecis
1964 4239 2105 4303 ἀφύη.
2159 4240 2299 4289 Ptin.
2319 4239 2354 4289 l.
2375 4250 2538 4288 xxxi.

1483 4332 1530 4367 c.
1552 4323 1600 4367 8.
1632 4319 1648 4347 ⁸
1675 4317 1876 4383 Apuani
1900 4319 2082 4382 nostri,
2107 4317 2346 4382 Amplnyu
2363 4316 2536 4366 Graeci
