3020 4853
1249 326 1662 377 PRAEFA‘rtO.
2512 315 2557 381 9

365 476 454 540 tis
473 476 666 561 plane
689 476 1022 555 conscius,
1046 474 1167 542 sed
1195 482 1270 542 nt
1297 476 1648 553 ostendam
1672 475 1745 540 in
1773 475 2164 541 auctoribus
2195 494 2551 560 recognos-

364 580 594 645 cendis
616 586 681 645 et
710 579 1145 645 emendandis
1167 579 1380 646 multa
1403 580 1563 646 viris
1581 579 1997 646 doctissimis
2022 580 2321 665 quotidie
2343 581 2550 661 elabi,

360 704 512 767 quae
537 704 612 749 se
639 703 715 750 se
744 691 985 769 postea
1012 683 1172 751 viris
1192 682 1513 750 mediocri
1540 683 1806 767 ingenio
1834 682 2194 769 perhibent.
2283 682 2551 749 Addam

359 796 429 852 et
456 787 621 853 illud
650 807 940 873 quoque,
972 787 1082 853 hic
1111 787 1365 872 saepius
1394 808 1438 853 a
1465 787 1631 853 viris
1662 787 2234 872 proestantissimis
2262 795 2549 854 erratum

360 910 534 971 esse,
561 892 718 976 quia
755 892 998 956 nemini
1022 910 1319 977 unquam
1343 891 1624 976 contigit
1651 911 1782 958 non
1812 910 2053 969 errare,
2087 899 2153 956 et
2179 890 2399 976 majus
2446 898 2550 956 est

360 1014 564 1078 quam
591 1000 665 1059 ut
695 996 1048 1062 convenire
1079 995 1148 1061 in
1177 997 1535 1062 humanam
1557 995 2008 1061 infirmitatem
2029 996 2272 1080 possit.
2319 993 2547 1073 Quare

356 1098 495 1163 illis
527 1106 703 1166 certe
732 1119 973 1183 magna
1000 1100 1243 1186 injuria
1270 1100 1482 1178 fieret,
1532 1101 1593 1165 si
1620 1120 1848 1166 eorum
1878 1100 2124 1183 ingenii
2154 1097 2546 1181 magnitudo

353 1201 486 1269 hoc
516 1222 653 1268 uno
678 1203 902 1268 labore
936 1203 1403 1270 aestimaretur.
1462 1202 1697 1269 Pauca
1724 1222 1957 1268 eorum
1988 1203 2309 1288 praestitit
2329 1200 2548 1267 Anto·

353 1305 509 1371 nius
539 1305 962 1390 Augustinus
1005 1326 1157 1390 quae
1205 1310 1526 1390 praestare
1569 1306 1924 1390 potuisset.
2014 1304 2097 1371 In
2123 1305 2350 1371 multis
2377 1305 2547 1372 divi-

357 1428 485 1475 nus
515 1409 833 1503 Scaliger,
876 1410 997 1476 sed
1028 1410 1189 1476 dum
1233 1408 1495 1493 ingenio
1541 1429 1667 1475 suo
1700 1409 1977 1474 nimium
2007 1408 2327 1491 indulget,
2360 1429 2548 1494 saepe

352 1512 568 1577 nubes
595 1518 850 1597 captat,
861 1517 933 1577 et
960 1511 1054 1577 nil
1073 1511 1292 1577 minus
1313 1530 1518 1596 quam
1542 1511 1819 1578 Festum
1842 1513 2336 1597 interpretatur.
2383 1512 2547 1578 Ful·
2589 1523 2599 1533 ’

355 1615 509 1681 vius
556 1616 870 1695 Ursinus,
911 1614 1190 1701 reliquis
1236 1614 1517 1694 felicior,
1562 1615 1893 1680 utiliorem
1937 1634 2208 1702 operam
2252 1617 2548 1695 navavit,

355 1718 473 1783 sed
506 1720 607 1786 sic
635 1719 843 1784 etiam
876 1719 1179 1797 Festum,
1230 1736 1363 1783 non
1408 1726 1547 1783 tam
1592 1717 2030 1798 emendatum,
2077 1739 2282 1804 quam
2324 1738 2547 1785 emen-

354 1821 641 1888 dandum
690 1829 757 1890 et
805 1822 1146 1889 emendari
1176 1822 1465 1898 facilem,
1497 1821 1790 1888 tradidit.
1880 1822 2093 1906 Igitur
2132 1842 2272 1889 rem
2316 1829 2542 1890 actam

355 1945 458 1990 me
486 1946 621 1992 non
649 1935 955 1993 acturum
975 1926 1361 1992 existimavi
1390 1925 1452 1989 si
1481 1924 1735 1992 similes
1768 1934 2049 1992 conatus
2077 1946 2267 1992 meos
2297 1924 2546 2011 profer·

352 2048 512 2094 rem.
601 2030 892 2096 Multum
940 2030 1026 2095 ab
1068 2029 1384 2095 heroibus
1427 2028 1560 2094 illis
1604 2028 1907 2114 adjutum
1934 2050 2041 2096 me
2071 2030 2305 2109 fateor,
2336 2031 2546 2095 multa

354 2140 572 2200 tamen
614 2144 846 2201 contra
886 2154 1119 2200 eorum
1158 2132 1545 2199 seutentiam
1584 2153 1728 2198 sum
1759 2133 2243 2217 interpretatus.
2330 2133 2544 2200 Sche-

352 2236 477 2303 das
503 2247 575 2304 et
601 2237 969 2323 fragmenta
998 2258 1044 2305 a
1077 2236 1324 2303 Fulvio
1354 2236 1597 2303 Romae
1627 2237 1812 2302 edita
1838 2236 2187 2320 diligenter
2213 2236 2542 2315 consului,

350 2339 689 2409 literarum
712 2343 979 2421 ductus,
1006 2349 1226 2421 notas,
1252 2349 1323 2407 et
1362 2341 1596 2425 apices
1634 2340 1835 2407 anxie
1863 2341 2336 2425 pervestigavi,
2361 2340 2541 2405 unde

350 2454 750 2513 consecutus
780 2468 927 2513 sum
957 2452 1032 2513 ut
1068 2454 1218 2512 tuto
1258 2445 1679 2530 pronuntiare
1724 2445 1979 2529 possim
2010 2445 2260 2510 nullam
2300 2444 2541 2509 bonam

351 2552 536 2619 Festi
558 2553 921 2619 editionem
948 2558 1199 2630 extare,
1230 2550 1477 2616 nullam
1504 2569 1660 2635 quae
1683 2555 1984 2615 truncata
2005 2568 2136 2615 non
2155 2550 2243 2615 sit
2263 2554 2328 2614 et
2347 2555 2540 2635 parte
2653 2633 2658 2638 .

346 2659 450 2722 sui
481 2659 735 2723 mutila.
823 2657 1091 2742 MaJora
1134 2675 1333 2740 quam
1364 2653 1546 2720 credi
1565 2652 1794 2739 possit
1832 2652 2069 2718 menda
2097 2652 2363 2729 sustuli,
2391 2652 2542 2718 hor-

346 2762 586 2828 rendas
617 2761 1046 2848 trajectiones
1088 2759 1339 2838 detexi,
1385 2777 1541 2844 quoe
1574 2758 1661 2823 ab
1692 2757 1777 2823 iis
1806 2763 1982 2823 natae
2011 2761 2171 2821 sunt
2197 2755 2317 2841 qui
2346 2755 2540 2821 Festi

346 2868 550 2934 verba
579 2867 1025 2953 alphabetico,
1054 2871 1126 2932 ut
1154 2871 1420 2943 vocant,
1450 2864 1680 2930 ordine
1713 2862 2199 2947 disposuerunt.
2289 2862 2540 2928 Festus

345 2971 541 3051 euim,
564 2977 642 3038 ut
669 2972 973 3038 solebant
1000 2969 1102 3035 illi
1123 2974 1402 3046 vetereS,
1433 2969 1713 3052 primam
1742 2965 1997 3032 literam
2019 2965 2352 3032 indicasse
2379 2984 2544 3030 con·

347 3081 589 3156 tentus,
617 3075 804 3143 nulla
826 3075 1183 3141 observata
1227 3072 1421 3151 serie,
1458 3090 1664 3137 voces
1707 3089 1940 3135 omnes
1971 3070 2056 3134 ab
2084 3068 2316 3135 eadem
2344 3069 2539 3134 litera

346 3180 740 3265 incipientes
781 3180 850 3245 in
892 3177 1172 3244 eundem
1212 3177 1437 3242 locum
1477 3173 1782 3241 contulit.
1873 3170 2307 3257 Deprehendi
2333 3170 2539 3237 etiam

348 3285 619 3350 alterum
661 3290 728 3349 et
771 3304 862 3349 ex
905 3281 1142 3348 eodem
1184 3281 1371 3346 fonte
1417 3281 1647 3345 natum
1688 3296 1990 3343 errorem.
2078 3273 2377 3340 Verbum
2418 3272 2536 3353 ait,

347 3389 527 3472 quod
557 3388 741 3474 apud
789 3387 1063 3453 Festum
1092 3404 1278 3469 saepe
1308 3384 1524 3450 solum
1552 3382 1811 3465 legitur,
1863 3381 1929 3445 in
1960 3377 2241 3444 Schedis
2279 3396 2538 3460 semper

347 3491 427 3556 ad
459 3494 806 3577 superiora
834 3491 1141 3576 pertinet,
1170 3488 1288 3554 ubi
1318 3508 1560 3554 nomen
1592 3485 1882 3551 auctoris
1914 3483 1998 3549 ad
2030 3501 2231 3566 quem
2254 3479 2417 3544 illud
2441 3478 2537 3542 ait

346 3596 774 3674 referendum,
806 3615 1031 3661 verum
1062 3598 1298 3678 postea
1325 3590 1557 3657 ordine
1594 3590 1883 3667 turbato,
1926 3588 2052 3652 viri
2094 3584 2275 3649 docti
2318 3583 2411 3648 ita
2452 3580 2536 3645 de

354 3701 587 3766 Verrio
629 3699 1023 3784 simpliciter
1052 3704 1119 3762 et
1148 3693 1457 3762 absolute
1499 3693 1696 3777 loqui
1743 3691 2022 3757 Festum
2059 3687 2420 3761 credidere,
2465 3690 2536 3749 et

347 3803 428 3870 de
460 3803 704 3870 Verrio
743 3802 910 3869 illud
953 3800 1047 3866 ait
1089 3818 1349 3886 semper
1392 3795 1810 3883 interpretati
1860 3799 2031 3869 sunt,
2073 3811 2225 3857 cum
2272 3789 2357 3853 de
2399 3788 2537 3853 alio

345 3907 584 3992 quovis
615 3912 887 3973 auctore
916 3905 1168 3991 saepius
1197 3908 1378 3970 esset
1405 3900 1928 3984 intelligendum.
2016 3894 2235 3960 Multa
2261 3892 2535 3976 supple·

349 4010 434 4088 vi,
461 4010 775 4076 nonnulla
803 4006 1033 4074 addidi
1062 4008 1131 4073 in
1161 4008 1314 4073 aliis
1342 4005 1750 4071 editionibus
1780 3999 2244 4087 praetermissa.
2291 3995 2532 4079 Neque

346 4120 561 4178 tamen
616 4113 890 4178 Festum
937 4110 1333 4195 Pompeium
1382 4108 1705 4190 integrum
1756 4110 2080 4189 praestare
2127 4099 2342 4165 ausim
2377 4117 2529 4162 cum

350 4217 609 4284 videam
641 4213 951 4302 quaedam
982 4234 1025 4280 a
1053 4209 1534 4279 Grammaticis
1565 4208 1750 4273 citari
1774 4227 1926 4292 quae
1951 4205 2062 4271 bic
2079 4203 2328 4270 frustra
2346 4219 2531 4285 quae·
