3020 4853
547 353 677 420 148

1217 364 1441 416 snxvt
1492 365 1686 414 POMP
1698 363 1800 413 1311
1853 362 2058 414 Fnsvl

549 513 954 583 Centaurion
975 521 995 549 ⁶
1019 511 1574 578 medicamentum
1606 530 1647 574 a
1668 509 1956 576 Chirone
1988 516 2297 576 centauro
2329 510 2682 578 inventum.

500 614 508 624 ’
549 614 1009 686 centenanaed
1047 636 1265 682 coenae
1316 614 1731 693 dicebantur,
1777 615 1843 679 in
1883 634 2056 698 quas
2098 613 2249 698 lege
2291 615 2555 682 Licinia
2596 635 2724 681 non

631 724 783 809 plus
841 721 1292 797 centussibus‚
1325 712 1576 803 praeter
1615 726 1790 785 terra
1831 726 2012 797 nuta,
2059 720 2617 803 impendebatur:
2655 719 2723 785 id

629 833 750 905 est,
772 830 1034 890 centum
1062 825 1330 889 assibus
1349 822 1501 908 (qui
1519 830 1706 888 erant
1735 824 1973 887 breves
1990 822 2243 887 nummi
2263 842 2353 887 ex
2382 821 2599 906 aere).²
2620 832 2650 859 ⁶

547 929 878 995 centenas
905 927 1131 1012 pondo
1153 924 1174 963 f
1198 927 1508 993 dicebant
1536 927 1821 1011 antiqui,
1855 924 2218 992 referentes
2251 926 2336 990 ad
2367 927 2597 991 libras.

546 1031 1114 1098 Centumviraliass
1146 1031 1407 1115 judicia
1435 1051 1479 1096 a
1524 1039 1788 1096 centum
1832 1030 1994 1095 viris
2048 1038 2202 1095 sunt
2229 1030 2436 1096 dicta.
2525 1029 2726 1106 Nam,

1452 1212 1818 1232 ONWNOO

608 1335 641 1381 2
672 1332 686 1358 ‘
715 1330 1127 1394 Circumscripta
1151 1331 1310 1380 verba
1330 1332 1661 1382 semicirculis
1682 1331 1920 1382 videntur
1944 1346 1973 1381 a
1999 1330 2165 1381 Paulo
2200 1316 2432 1394 adjecta,
2464 1336 2557 1379 aut
2589 1343 2728 1379 men·

545 1396 674 1448 dosa
694 1395 841 1447 esse.'
876 1395 995 1447 Ant.
1016 1396 1147 1459 Aug.

1216 1396 1335 1445 Vid.
1360 1398 1482 1447 Not.
1501 1398 1752 1461 Scaligeri
1775 1395 1924 1447 infra.

1536 1560 1749 1612 NOTA-3

541 1673 663 1710 cero
679 1660 731 1709 in
751 1675 813 1710 ea
834 1674 926 1724 pro
942 1661 1216 1712 Caecinna:
1240 1663 1256 1689 ⁴
1273 1661 1458 1726 Neque
1475 1674 1594 1724 pos-

542 1738 814 1798 sessiones,
836 1738 884 1785 id
906 1746 1005 1794 est,
1023 1738 1155 1801 agri,
1174 1738 1263 1803 qui
1286 1752 1384 1788 non
1405 1738 1593 1789 manci·

541 1813 754 1876 petione
795 1813 886 1862 sed
920 1829 1012 1864 usu
1052 1814 1381 1877 tenebantur,
1417 1815 1593 1864 censui

538 1889 802 1939 censendo
843 1889 948 1940 dici
989 1897 1249 1955 poterant,
1285 1905 1454 1956 neque
1494 1889 1593 1941 boc

538 1966 742 2016 nomine
765 1968 816 2015 in
839 1982 1046 2017 censum
1071 1967 1265 2018 dicari!
1296 1969 1404 2017 Jos.
1429 1966 1558 2017 Sed.

608 2042 785 2092 censui
814 2046 1043 2094 censendo
1072 2044 1206 2107 agri]
1255 2044 1355 2096 Qui
1383 2044 1590 2108 proprie

528 2120 649 2183 jure
673 2121 830 2177 civili,
852 2121 949 2170 boc
973 2129 1074 2185 est,
1100 2122 1347 2178 Romano,
1381 2135 1478 2170 non
1502 2136 1589 2169 au·

538 2206 643 2248 tem
668 2198 789 2260 alio,
812 2199 913 2248 emi
948 2201 1203 2264 vendique
1227 2205 1459 2263 possunt.
1503 2198 1592 2247 Ci-

534 2291 658 2327 oero
701 2291 795 2341 pro
841 2278 1061 2328 Flaceox
1117 2280 1134 2306 ‘
1169 2279 1362 2330 Quaero
1415 2275 1592 2325 sintne

531 2352 623 2402 illa
645 2353 842 2418 pra-dia
862 2355 1037 2404 censui
1060 2352 1351 2404 censendo.'
1408 2353 1468 2402 Id
1492 2361 1592 2415 est,

531 2446 712 2495 quaero
752 2447 816 2482 an
856 2433 946 2483 ills
978 2433 1175 2497 praedia
1205 2433 1328 2495 jure
1356 2432 1587 2482 Romano

529 2510 630 2558 emi
653 2510 910 2575 vendique
935 2510 1148 2573 possint.
1183 2509 1310 2558 Duc.

582 2593 605 2619 ⁴²
625 2585 935 2648 Centaurion]
958 2588 973 2614 ‘
988 2586 1363 2636 Graveolentia
1375 2593 1587 2635 centau-

528 2660 651 2709 rea'
689 2670 843 2710 vocat
880 2662 1067 2725 virgil.
1105 2655 1588 2714 ‘tristia'anren

529 2736 668 2800 quia,
685 2743 742 2785 ut
760 2735 927 2798 addit,
946 2739 962 2765 ‘
976 2751 1069 2786 suo
1093 2752 1264 2788 acrem
1283 2752 1350 2786 ex
1367 2752 1586 2801 corpore

529 2811 743 2861 odorem
774 2813 1060 2876 Expiraatss
1102 2816 1199 2864 Est
1221 2815 1394 2865 berboe
1418 2829 1583 2878 genus

523 2900 556 2936 a
580 2888 802 2939 Chirone
842 2899 1089 2940 centauro
1124 2900 1409 2955 repertum,
1447 2892 1582 2944 unde

524 2966 767 3029 χειρόνων
779 2975 834 3019 et
856 2957 1129 3032 κενταύρίσν
1147 2972 1464 3021 nominatur:
1488 2973 1582 3023 hu·

516 3045 605 3107 jus
630 3045 682 3093 in
719 3047 961 3096 curandis
984 3049 1282 3099 vulneribus
1307 3048 1382 3098 vis
1416 3057 1584 3110 tante,

523 3127 582 3170 ut
603 3121 957 3174 cohaerescere
978 3125 1129 3175 etiam
1154 3140 1333 3175 earnes
1356 3126 1584 3190 tradant,

523 3197 566 3246 si
606 3208 895 3264 coquantur
934 3203 1103 3252 simul.
1142 3203 1281 3254 Plin.
1315 3202 1407 3254 libr.
1444 3217 1585 3260 xxv,

521 3287 639 3339 cap.
663 3280 713 3325 9.
750 3277 886 3327 Vide
910 3279 1182 3330 Galennm.
1216 3280 1365 3329 Idem.

582 3351 606 3386 ‘¹
679 3355 1001 3420 centenaria]
1082 3358 1279 3408 Ultima
1333 3358 1584 3423 clausula,

519 3440 637 3490 quae
657 3442 751 3492 pro
775 3430 1099 3483 Glossemate
1121 3443 1221 3496 est,
1243 3432 1418 3483 addita
1443 3442 1527 3484 est
1549 3450 1581 3484 a

521 3500 743 3554 barbaro
772 3514 1105 3558 truncatore:
1170 3511 1224 3559 id
1260 3515 1351 3574 est,
1394 3516 1580 3560 centum

517 3580 718 3641 ossibus,
763 3583 847 3646 qui
900 3593 1038 3636 erum
1095 3586 1257 3636 breves
1300 3587 1476 3636 nummi
1519 3603 1581 3637 ex

515 3669 634 3706 asse.
728 3660 861 3710 Haec
907 3672 1027 3712 sunt
1082 3665 1329 3727 stigmata
1383 3665 1580 3715 misello

519 3731 678 3784 Festo
722 3735 788 3785 ab
841 3738 928 3788 illo
983 3741 1188 3790 erudito
1236 3741 1576 3802 Lougobardo

515 3807 703 3861 inusta.
737 3815 843 3865 Jos.
868 3817 994 3866 Scnl.

584 3889 883 3942 Centenariae
914 3894 1079 3958 coenae]
1129 3896 1321 3959 Legem
1346 3897 1467 3946 tulit
1489 3897 1572 3946 Li·

516 3964 701 4031 ciuiuS,
734 3986 837 4035 qua
856 3980 1065 4024 cautum
1088 3988 1153 4023 ne
1183 3975 1296 4039 plus
1319 3977 1573 4026 centussi-

514 4039 612 4093 bus
645 4046 697 4096 in
730 4061 904 4097 coenas
939 4050 1344 4114 impenderetur,
1381 4061 1575 4116 praeter

514 4134 577 4170 ea
600 4138 714 4187 quae
746 4139 773 4173 e
808 4133 949 4174 terra
980 4135 1335 4178 nascerentur.
1403 4128 1578 4192 Hujus

512 4198 643 4262 legis
666 4202 897 4250 meminit
914 4202 1080 4252 Lucil.
1102 4206 1117 4231 ‘
1138 4203 1329 4268 Legem
1357 4205 1574 4256 vitemus

516 4275 717 4327 Licini:
785 4277 887 4327 Sed
912 4293 1039 4342 cave
1054 4288 1213 4345 putes
1236 4288 1439 4330 centum
1457 4282 1580 4336 teris

1674 1660 1833 1709 coenis
1872 1660 2086 1723 singulis
2125 1657 2396 1725 quibusvis
2422 1657 2604 1707 diebus
2637 1658 2728 1707 im-

1672 1753 1888 1804 pensum
1913 1736 2096 1801 fuisse,
2116 1737 2208 1787 sed
2244 1736 2401 1787 certis
2421 1734 2727 1801 quibusdam

1675 1822 1874 1864 tantum
1913 1814 2096 1864 diebus
2134 1812 2281 1863 festis
2319 1812 2520 1862 Gellius
2555 1810 2645 1861 lib.
2690 1824 2727 1860 1.

1672 1906 1785 1955 cap.
1829 1895 1911 1941 24.
1969 1894 1985 1920 ⁸
2014 1891 2119 1941 Lex
2154 1890 2340 1940 deinde
2375 1889 2577 1939 Licinia
2620 1890 2727 1939 lats

1672 1976 1774 2031 est,
1814 1984 1931 2035 qnoe
1976 1983 2093 2018 cum
2137 1969 2294 2018 certis
2339 1967 2540 2029 diebus,
2590 1967 2728 2016 sicut

1672 2046 1883 2103 Fannia,
1918 2055 2165 2097 centenos
2199 2045 2317 2094 aeris
2351 2044 2582 2108 inipendi
2609 2058 2730 2107 per-

1671 2123 1913 2183 misisset,
1968 2122 2159 2186 nuptiis
2215 2120 2441 2172 ducenos
2496 2119 2729 2182 indulsit,

1670 2200 1860 2250 ceteris
1884 2199 2066 2249 diebus
2101 2199 2287 2249 statuit
2317 2198 2436 2247 aeris
2468 2198 2722 2246 tricenos:

1670 2291 1790 2326 eum
1833 2283 1890 2325 et
1921 2277 2091 2326 carnis
2131 2275 2294 2325 aridae
2334 2281 2390 2324 et
2426 2273 2730 2323 salsamenti·

1670 2362 1816 2403 certa
1849 2352 2084 2417 pondera
2112 2352 2165 2402 in
2206 2352 2430 2417 singulos
2466 2351 2580 2400 dies
2603 2366 2726 2401 con·

1670 2430 1937 2481 stituerit.’
1986 2430 2104 2479 vid.
2129 2428 2366 2478 Macrob.
2384 2426 2477 2477 lib.
2503 2441 2590 2478 ιιι.
2613 2443 2726 2492 cap.

1671 2513 1749 2559 1⁷.
1772 2524 1926 2573 porro
1949 2508 2023 2558 illi
2046 2521 2190 2565 asses
2212 2515 2422 2556 centum
2444 2522 2458 2554 z
2509 2506 2725 2568 triginta

1668 2596 1723 2638 et
1761 2589 1987 2654 quinque
2033 2594 2232 2637 tantum
2271 2592 2461 2636 nostra
2499 2592 2723 2635 monetae

1666 2681 1805 2716 asses
1827 2668 1933 2716 sive
1953 2665 2143 2715 solidos
2167 2661 2482 2713 efficiebant.
2519 2662 2644 2711 Duc.

1726 2750 1751 2778 Φ
1807 2744 1905 2799 Qui
1945 2747 2082 2792 erant
2127 2742 2285 2791 breves
2325 2740 2529 2804 nummi]
2589 2739 2721 2789 Hac

1663 2820 1838 2881 Pauli,
1865 2835 1967 2870 non
1993 2819 2137 2871 Festi
2173 2826 2310 2868 suut·
2376 2818 2564 2881 Neque
2587 2819 2722 2870 enim

1662 2898 1848 2947 Festus
1872 2898 2089 2948 dixisset
2111 2903 2270 2959 eraut,
2292 2911 2409 2946 enm
2433 2909 2526 2944 sno
2556 2894 2730 2944 adhue

1666 2982 1898 3039 tempore
1922 2982 1976 3024 et
1998 2976 2161 3025 multo
2185 2983 2302 3040 post
2326 2974 2389 3024 iis
2419 2973 2589 3023 adbuc
2613 2982 2726 3022 ute·

1664 3060 1864 3103 rentur.
1899 3053 2051 3102 Idm.
2453 3070 2460 3078 ·

1727 3127 1750 3160 f
1767 3130 2001 3179 Centenius
2018 3132 2194 3196 pondo]
2222 3130 2361 3182 Quin
2379 3136 2435 3179 et
2455 3125 2728 3178 addebant

1663 3220 1808 3270 saepe
1829 3207 2008 3271 libras,
2040 3208 2303 3258 Centenas
2337 3206 2512 3271 pondo
2545 3204 2726 3254 libras.

1661 3284 1848 3346 Varro,
1870 3283 2065 3346 Livius,
2087 3284 2306 3335 Gellius.
2337 3285 2444 3337 Jos.
2463 3282 2592 3332 δραι.

1731 3361 1968 3411 centenas
1982 3361 2162 3425 pondo]
2210 3360 2530 3411 Subsuditnr
2557 3358 2723 3408 libres.

1662 3437 1833 3489 Quam
1877 3453 2078 3488 vocem!
2110 3435 2374 3487 addebant
2428 3434 2724 3501 aliquando.

1661 3515 1676 3543 ‘
1697 3515 1944 3564 Centena
1962 3514 2144 3578 libroe‚'
2162 3514 2296 3564 idem
2316 3512 2449 3579 quod
2473 3517 2488 3541 ‘
2510 3513 2718 3563 centeni

1662 3591 1818 3652 aeris‚'
1842 3605 1981 3641 asses
2005 3592 2223 3641 scilicet.
2256 3591 2383 3641 Duc.

1721 3677 1748 3713 s
1783 3667 2182 3731 Centumciratia]
2216 3667 2316 3717 Illa
2336 3664 2515 3721 verba,
2550 3665 2719 3730 ‘quan

1661 3751 1715 3794 et
1738 3745 1897 3793 curiae
1930 3744 2087 3793 dictae
2121 3742 2276 3806 sunt,’
2307 3757 2413 3802 ¹non
2437 3756 2551 3790 esse
2571 3740 2718 3791 Festi

1656 3822 1916 3872 existimo.
1982 3822 2117 3871 Vide
2139 3822 2154 3848 ‘
2177 3818 2368 3870 Curia!
2401 3819 2523 3869 Ant.
2544 3819 2677 3878 Aug.

1724 3898 2101 3949 emunivit-alia
2129 3896 2343 3959 judicia]
2404 3896 2491 3945 De
2535 3893 2715 3959 quibus

1656 3974 1825 4026 causis
1848 3983 2053 4025 centum
2077 3973 2172 4023 viri
2188 3970 2540 4037 judicaverint
2561 3969 2722 4022 docet

1657 4068 1750 4103 nos
1772 4053 1958 4103 Cicero
1982 4052 2073 4102 lib.
2095 4066 2130 4100 t.
2161 4050 2228 4100 de
2258 4049 2518 4099 Oratore:
2564 4047 2722 4100 ‘Jsc·‚

1655 4135 1769 4179 tare
1793 4143 1848 4178 se
1874 4129 1925 4177 iu
1961 4128 2131 4178 causis
2164 4123 2637 4184 centumviralibus,
2659 4124 2712 4172 in

1656 4204 1839 4270 quibus
1863 4206 2255 4268 usucapionnm,
2274 4203 2574 4261 tutelarum,
2591 4216 2716 4266 gen<

1657 4282 1926 4348 tilitatum,
1978 4282 2331 4346 agnationum,
2384 4279 2718 4342 alluvionum,
