3020 4853
428 436 524 483 nn
571 434 986 484 venzonum
1035 423 1869 484 siemricssionss·1.m.
1916 410 2091 485 x'111.
2223 421 2361 488 529.

247 582 645 666 siguificare,
672 582 831 667 quia
858 601 1089 647 omnes
1122 600 1291 665 opes
1321 580 1856 665 humano'g'eneri
1885 587 2063 648 terra
2088 584 2352 649 tribuit:

249 685 422 751 unde
472 692 542 750 et
591 685 916 770 opulenti,
957 684 1374 751 terrestribus
1420 686 1618 750 rebus
1674 685 1959 771 copiosi,
2002 690 2070 751 et
2112 686 2354 753 hostiae

251 788 494 871 opimae
529 788 874 871 praecipue
915 787 1237 872 pingues3
1280 793 1347 853 et
1374 788 1626 871 opima,
1654 789 2013 873 magnifica
2039 797 2106 857 et
2132 792 2358 877 ampla

254 891 499 974 spolia.
2076 936 2084 949 ,
2348 916 2355 923 ·

172 990 440 1078 Opiter·
480 997 604 1072 est,
649 993 839 1077 cujus
868 999 1060 1077 pater
1091 1012 1223 1059 avo
1251 993 1411 1059 vivo
1439 999 1735 1060 mortuus
1764 1002 1892 1074 est,
1922 995 2127 1062 ducto
2155 1017 2357 1063 voca-

251 1095 432 1173 bulo,
458 1104 577 1162 aut
606 1096 792 1181 quod
820 1097 1014 1163 obitu
1046 1098 1292 1182 patris¹
1322 1097 1587 1181 genitus
1616 1097 1728 1177 sit,
1761 1105 1887 1164 aut
1925 1100 2107 1183 quod
2156 1120 2357 1167 avum

250 1197 337 1262 ob
370 1205 628 1281 patrem
655 1199 926 1278 habeat,
958 1199 1029 1263 id
1054 1208 1181 1277 est,
1212 1220 1333 1285 pro
1360 1206 1569 1285 patre.

175 1298 489 1385 Opitulus
517 1299 562 1365 J
568 1303 855 1387 uppiter,
884 1308 951 1368 et
978 1303 1339 1387 opitulator
1362 1303 1586 1369 dictus
1609 1309 1730 1383 est,
1754 1306 1952 1388 quasi
1980 1306 2137 1390 opis
2165 1306 2358 1370 lator.

177 1403 562 1489 Opportune
593 1403 835 1470 dicitur
863 1407 951 1472 ab
993 1424 1101 1485 eo,
1126 1405 1310 1490 quod
1339 1406 1812 1490 navigantibus
1845 1410 2136 1475 maxime
2159 1409 2367 1474 utiles

251 1508 601 1592 optatique
631 1516 790 1576 sunt
818 1517 1077 1594 portus.

178 1609 507 1695 Opperiri,
537 1620 916 1696 expectare.

177 1711 500 1799 Oppido,¹’
541 1716 741 1780 valde
786 1718 1107 1784 multum:
1156 1723 1370 1782 ortum
1418 1720 1524 1781 est
1562 1720 1785 1779 autem
1813 1713 1939 1781 hoe
1969 1716 2243 1782 verbum
2274 1737 2364 1784 ex

252 1836 559 1884 sermone
611 1818 783 1882 inter
820 1838 892 1885 se
942 1818 1535 1895 confabulantium,
1565 1825 1886 1902 quantum
1915 1820 2199 1903 quisque
2229 1818 2366 1884 fru-

247 1938 396 2003 gum
428 1919 684 1985 faceret
704 1940 723 2003 ;
755 1927 951 2005 utque
975 1921 1329 1988 multitudo
1352 1919 1851 2004 significaretur,
1879 1941 2066 2007 saepe
2087 1941 2367 2006 respon-

253 2020 553 2100 debatur,
598 2029 917 2108 quantum
968 2025 1079 2089 vel
1132 2023 1389 2108 oppido
1444 2024 1622 2088 satis
1659 2029 1878 2090 esset:
1923 2024 2079 2091 hinc
2108 2024 2177 2089 in
2208 2044 2367 2090 con-

256 2125 683 2191 suetudinem
715 2128 921 2206 venit,
943 2133 1023 2191 ut
1044 2125 1371 2192 diceretur
1392 2123 1668 2210 oppido,
1700 2145 1823 2208 pro
1847 2126 2046 2192 valde
2068 2126 2367 2193 multum.

258 2225 520 2314 Itaque,
580 2231 640 2294 si
681 2231 796 2314 qui
846 2230 916 2295 in
968 2231 1121 2297 aliis
1168 2231 1367 2312 rebus
1410 2248 1493 2294 eo
1522 2234 1810 2308 utuntur,
1843 2234 1913 2294 ut
1953 2235 2119 2313 puta
2160 2229 2221 2295 si
2249 2230 2370 2313 qui

262 2328 484 2399 dicant
532 2332 811 2417 Oppido
859 2332 1086 2411 didici,
1116 2332 1441 2417 spectavi,
1484 2330 1854 2409 ambulavi,
1900 2339 2162 2413 errant3
2208 2332 2377 2416 quia

262 2436 417 2501 nulli
445 2456 676 2502 eorum
705 2436 947 2521 subjici
973 2442 1217 2522 potest,
1249 2436 1360 2502 vel
1389 2435 1572 2520 quod
1592 2442 1618 2471 ⁸
1664 2434 1834 2499 satis
1864 2440 1988 2500 est.

189 2535 637 2623 oppidorum⁰
683 2542 1009 2623 originem
1053 2541 1307 2625 optime
1345 2538 1548 2604 refert
1577 2536 1817 2605 Cicero
1846 2538 2014 2603 libro
2045 2537 2259 2623 primo
2287 2536 2373 2602 de

259 2641 481 2721 gloria,
545 2662 832 2727 eamque
890 2643 1410 2728 appellationem
1463 2640 1911 2726 usurpatione
1963 2641 2377 2726 appellatam

267 2764 418 2809 esse
460 2747 824 2829 existimat,
874 2746 1058 2831 quod
1090 2765 1281 2831 opem
1314 2745 1570 2825 darent,
1603 2741 1952 2829 adjiciens,
1979 2752 2055 2810 ut
2084 2743 2375 2809 imitetur

267 2847 555 2933 ineptias
583 2849 981 2916 Stoicorum.

195 2947 574 3035 Oppidum
634 2952 891 3020 dictum
947 2961 1075 3032 est,
1133 2952 1320 3039 quod
1379 2972 1574 3039 opem
1630 2956 1909 3039 praebet.
2028 2952 2379 3037 Oppidum

1094 3116 1460 3142 ‘coemeene

197 3225 281 3335 ml
306 3181 386 3272 Al.
406 3222 535 3275 obito
568 3224 939 3310 patra—qvir
960 3224 1101 3278 doct.
1122 3223 1175 3275 in
1201 3237 1364 3289 marg.
1390 3221 1474 3275 ed.
1507 3222 1646 3274 Scsl.
1666 3221 1884 3289 conjicit
1906 3222 2028 3286 quod
2064 3221 2233 3285 oppido
2259 3219 2382 3271 satis

1173 3403 1396 3458 No'rae:

255 3524 276 3551 ⁸
297 3519 490 3586 Opiter]
504 3520 753 3570 Placidus
770 3520 822 3570 ln
838 3521 1047 3585 glossis:
1080 3521 1239 3586 ‘Opi-
1313 3521 1518 3584 Jectum
1542 3519 1785 3586 opinatur
1817 3519 1965 3569 Fulv.
1987 3517 2207 3569 Ursinus
2232 3517 2297 3567 sb
2319 3532 2381 3567 eo

203 3599 274 3642 ter
304 3604 403 3661 est,
440 3598 529 3662 qui
566 3597 709 3648 obito
749 3604 915 3661 patre,
953 3606 1010 3648 et
1045 3614 1141 3649 avo
1166 3598 1239 3648 vi·
1323 3597 1410 3661 qui
1437 3597 1635 3661 putarit
1655 3597 1872 3647 indicari
1892 3595 1983 3645 lib.
2009 3595 2279 3658 Originum
2302 3594 2381 3642 M.

204 3681 346 3724 vente
368 3684 519 3726 natus
541 3675 658 3725 est?
691 3676 804 3726 Ful.
833 3675 998 3727 Ursis.
1323 3674 1560 3737 Catonis,
1576 3687 1693 3724 cum
1717 3680 1887 3723 tamen
1909 3679 2092 3735 agatur
2121 3671 2188 3720 de
2206 3678 2383 3734 etymo

259 3747 283 3782 ὓ
316 3751 527 3816 Oppido]
570 3751 663 3802 Ait
684 3751 820 3802 infra
843 3752 1026 3803 Festus
1049 3767 1140 3803 eos
1161 3766 1244 3802 er·
1326 3747 1674 3814 oppidorum.
1708 3749 1972 3799 Ciceronis
1990 3746 2108 3796 libri
2135 3745 2199 3794 de
2220 3746 2385 3810 gloria

204 3837 310 3876 ηερ
338 3829 423 3892 qui
449 3829 636 3879 *dicant
660 3830 871 3895 Oppido
893 3829 1075 3892 didici,
1099 3845 1246 3896 spec.
1325 3827 1548 3890 periere.
1594 3825 1886 3876 Secundum
1908 3822 2087 3873 laudat
2124 3822 2262 3873 Gen.
2292 3821 2384 3872 lib.

203 3902 320 3964 uvi,
342 3904 613 3959 ambulavi.
648 3906 733 3970 Ita
756 3916 927 3958 tumen
949 3908 1121 3958 Plaut.
1146 3909 1248 3957 Te·
1328 3914 1458 3953 xm.
1481 3917 1599 3967 cap.
1622 3907 1670 3953 6.
1719 3901 1944 3952 Carisius
1971 3900 2146 3951 etism.
2203 3898 2384 3950 Infra:

205 3989 329 4030 rent.
351 3983 554 4047 Cicero,
575 3984 827 4036 Catullus.
859 3986 985 4036 Dae.
1325 3993 1517 4044 «1111918
1537 3978 1893 4044 “mullum
1908 3978 2210 4042 Μῶα
2227 3980 2389 4042 “PPd‘

264 4064 290 4089 ¹²
318 4060 630 4125 oppidorum]
687 4061 907 4112 vidend.
952 4061 1118 4112 Varro
1154 4059 1248 4114 lib.
1326 4062 1473 4110 latam
1496 4074 1622 4110 esse.-
1655 4060 1727 4109 its
1746 4058 1974 4110 schedae.
2020 4060 2388 4123 Lego,eaemque

209 4144 280 4183 ιν.
301 4133 364 4183 de
388 4137 532 4201 Ling.
555 4138 669 4188 Lat.
701 4138 821 4188 Ant.
844 4140 974 4201 Aug.
1326 4138 1684 4203 appellationem
1700 4142 1972 4202 usurpatam
1992 4151 2106 4189 esse.
2141 4137 2274 4187 Dae.

247 4211 558 4296 ,oppidorum
574 4215 826 4280 orig-inem]
861 4213 1110 4266 scheda:
1151 4215 1249 4279 ορ-
1392 4213 1426 4248 *
1454 4214 1719 4280 Oppidum]
1756 4216 1772 4243 ⁴
1794 4215 2079 4264 Maximum
2112 4213 2389 4264 edificium

210 4287 412 4346 mmm
453 4291 684 4353 originem
722 4294 893 4356 optime
922 4291 1070 4351 rdert
1110 4292 1249 4342 cato.
1330 4299 1412 4344 est
1434 4292 1681 4358 oppidum
1703 4291 1769 4342 ob
1792 4305 1890 4356 ope
1907 4291 2104 4343 dictum
2122 4289 2259 4355 quod
2276 4305 2390 4340 mu·
2486 4323 2487 4326 η
2576 4271 2577 4274 “

220 4363 363 4416 Cicer.
394 4368 478 4422 lib.
498 4382 538 4418 1.
558 4372 637 4433 ξι.
704 4370 914 4423 Catonis
940 4385 1127 4424 nomen
1159 4371 1251 4420 sd·
1331 4370 1474 4420 nitur
1492 4369 1607 4437 opis
1628 4383 1804 4436 csuss,
1824 4368 1914 4421 ubi
1933 4368 2074 4421 εἰη·
2118 4369 2275 4417 Varr.
2296 4366 2388 4429 lib,

337 4445 512 4514 Delph.
529 4456 579 4502 rt
603 4451 719 4506 Var.
739 4452 873 4506 Cha.
1142 4453 1308 4517 Pomp.
1334 4451 1472 4504 Fert.
2148 4453 2181 4500 2
2216 4450 2258 4500 1.
