3020 4853
730 373 828 421 1)ss
875 372 1285 422 VERBORUM
1335 371 1951 424 Slcmtvtoa'rlouss
1999 373 2142 423 mn.
2189 374 2240 422 1.

2479 357 2566 426 87

387 517 718 584 Arbosem
750 539 870 603 pro
910 519 1140 585 arbore
1171 518 1428 603 antiqui
1457 518 1823 599 dicebant,⁸
1870 525 1937 585 et
1964 521 2274 585 robosem
2304 539 2427 605 pro
2457 540 2567 588 ro-

471 623 628 686 bore

384 724 687 791 Arbutus
705 724 731 762 ¹¹
762 745 965 808 genus
995 725 1245 791 arboris
1271 723 1620 791 frondibus
1646 726 1838 791 raris.
1893 724 2259 813 Virgilius:
2303 726 2392 793 Et
2414 746 2567 813 qua:

470 848 590 893 vos
619 849 770 894 rara
801 829 1029 893 viridis
1051 828 1217 910 tegit
1247 829 1526 893 arbutus
1550 830 1804 897 umbra.

384 928 564 995 Area
607 929 1074 996 diminutivum
1107 930 1274 995 facit
1319 931 1635 1009 arculam,
1680 938 1747 998 et
1772 931 2124 997 arcellam:
2168 940 2247 997 ut
2277 953 2321 999 a
2349 954 2559 1019 porco

466 1034 831 1118 porculum,
860 1045 925 1100 et
949 1033 1359 1119 porcellum:
1391 1057 1435 1101 a
1465 1054 1752 1102 mamma
1779 1036 2226 1116 mammulam,
2249 1043 2318 1102 et
2346 1058 2554 1105 mam-

469 1137 743 1202 millam.

384 1239 632 1306 Arcani
681 1238 1039 1306 sermonis*
1092 1241 1492 1325 significatio
1545 1243 1828 1309 trahitur
1874 1244 2014 1310 sive
2060 1246 2147 1309 ab
2197 1264 2375 1322 aree,
2415 1260 2567 1329 qua:

468 1345 799 1409 tutissima
852 1363 1012 1427 pars
1040 1352 1144 1409 est
1173 1346 1382 1425 urbia,
1415 1348 1559 1412 sive
1588 1367 1630 1411 a
1660 1366 1890 1429 genere
1921 1347 2255 1425 sacrificii,
2286 1346 2463 1432 quod
2495 1346 2564 1410 in

468 1466 620 1513 aree
666 1448 744 1513 fit
769 1450 857 1513 ab
884 1449 1271 1531 auguribus,
1295 1449 1466 1517 adeo
1489 1456 1818 1516 remotum
1846 1471 1890 1515 a
1916 1450 2155 1515 notitia
2179 1449 2461 1533 vulgari,
2490 1454 2568 1513 ut

466 1570 551 1633 ne
596 1549 809 1616 literis
845 1551 1109 1635 quidem
1148 1552 1542 1618 mandetur:
1588 1554 1705 1619 sed
1737 1573 1855 1638 per
1876 1554 2259 1618 memoriam
2290 1570 2568 1617 sucees-

468 1671 695 1717 sorum
724 1654 1137 1718 eelebretur:
1180 1654 1322 1720 sive
1351 1657 1439 1720 ab
1461 1676 1641 1735 arca,
1684 1658 1750 1722 in
1778 1676 1909 1741 qua
1936 1676 2090 1741 qnae
2121 1657 2354 1721 clausa
2383 1660 2566 1734 aunt,

466 1763 609 1822 tuta
638 1763 933 1822 manent:
983 1757 1179 1841 eujus
1204 1758 1419 1842 ipsius
1449 1761 1637 1842 origo
1669 1761 1756 1824 ab
1786 1760 2072 1825 arcendo
2100 1757 2371 1844 pendet.
2475 1782 2476 1785 ¹

382 1856 684 1926 Arcere¹⁸
738 1868 843 1926 est
890 1862 1261 1926 continere:
1306 1863 1477 1929 unde
1531 1870 1599 1931 et
1652 1882 1851 1930 arcus
1889 1865 1958 1928 in
2002 1862 2313 1928 aedificiis
2343 1862 2565 1927 dietus

458 1968 609 2028 eet:
655 1963 815 2047 qnia
846 1983 921 2027 ae
951 1963 1170 2047 ipsum
1199 1965 1528 2031 eontinet.
1613 1964 1760 2030 Alii
1791 1964 2019 2032 dicunt
2049 1984 2280 2031 arcum
2310 1964 2569 2029 dictum

463 2086 613 2132 esse
644 2067 731 2131 ab
760 2086 957 2149 opere
986 2067 1332 2149 arrigendo
1353 2069 1423 2133 in
1450 2070 1883 2135 altitudinem.
1938 2067 2186 2133 Arcere
2213 2067 2568 2152 probibere

461 2177 602 2236 est:
633 2169 953 2248 similiter,
971 2170 1261 2250 abaroet,
1282 2172 1630 2257 prohibet:
1675 2177 1900 2258 poroet
1920 2192 2190 2257 quoque
2209 2172 2458 2237 dictum
2480 2170 2567 2236 ab

462 2272 783 2358 antiquie,
805 2274 999 2357 quasi
1026 2292 1225 2356 porro
1248 2281 1456 2356 arcet,
1498 2285 1570 2342 et
1606 2297 1732 2362 pro
1767 2294 1877 2355 eo,
1903 2275 2083 2361 quod
2115 2280 2218 2341 est
2247 2273 2566 2351 continet,

1359 2476 1572 2530 1401·AE

369 2600 429 2643 et
441 2593 622 2654 judicii
659 2594 731 2646 ric
773 2596 955 2647 Cicero
989 2610 1084 2660 pro
1109 2592 1300 2646 Roscio
1321 2594 1424 2645 Co-

369 2672 561 2723 medo.
612 2679 627 2701 ⁸
651 2672 806 2723 Aliud
846 2681 928 2724 eat
956 2674 1230 2738 judicium,
1282 2672 1423 2723 aliud

364 2748 654 2799 arbitrium.
688 2750 948 2801 Judicinm
966 2759 1049 2801 est
1066 2751 1297 2816 pecunia
1311 2766 1424 2802 cer·

368 2832 459 2887 toe,
483 2826 751 2875 arbitrium
770 2828 1002 2877 incerte.
1057 2827 1141 2877 Ad
1168 2828 1423 2892 judicium

368 2904 479 2952 boe
508 2903 659 2953 modo
695 2906 942 2961 venimus,
993 2912 1050 2955 ut
1088 2912 1246 2955 totam
1282 2906 1423 2956 litem

369 2988 461 3030 aut
494 2979 837 3039 obtineamus,
875 2990 965 3032 aut
998 2982 1322 3044 amittamua;
1357 2982 1422 3033 ad

370 3057 637 3107 arbitrium
671 3060 766 3109 boe
807 3061 977 3108 animo
1015 3059 1231 3123 adimus,
1261 3066 1319 3108 ut
1340 3073 1426 3108 ne·

368 3149 472 3199 que
515 3134 661 3196 nibil,
708 3149 875 3199 neque
927 3142 1125 3186 tantum
1177 3142 1423 3200 quantum

368 3210 738 3273 postulavimus
752 3211 1156 3278 consequamur?
1176 3213 1426 3278 Aliquan-

367 3287 438 3337 do
460 3294 634 3338 tameu
651 3289 920 3340 arbitrium
947 3305 1040 3354 pro
1054 3289 1256 3355 jndicio
1279 3291 1421 3354 poni·

366 3371 472 3423 tur,
495 3372 552 3415 ut
577 3366 772 3416 arbiter
796 3382 889 3430 pro
900 3367 1097 3431 judice.
1157 3367 1426 3419 Praeterea

365 3443 525 3492 etiam
544 3443 811 3493 arbitrium
837 3451 1113 3508 usurpatur
1143 3443 1197 3492 in
1228 3443 1420 3494 funeri·

367 3521 465 3570 bur
507 3535 601 3585 pro
638 3523 851 3584 praemio
893 3536 1068 3572 eornm
1110 3521 1195 3586 qui
1238 3520 1421 3572 funera

364 3598 634 3648 curabant.
673 3598 843 3650 Cicer.
868 3607 988 3665 post
1011 3598 1233 3648 reditum
1257 3601 1308 3649 iu
1330 3600 1419 3650 Se·

364 3684 475 3726 nat.
498 3676 699 3727 decima
721 3680 942 3741 septima
963 3694 977 3727 :
1010 3680 1027 3706 ⁸
1049 3677 1289 3727 Nondum
1330 3692 1419 3741 pa-

363 3754 464 3803 lam
485 3753 681 3804 t'aetum
719 3763 831 3805 erat
868 3755 1155 3806 concidisse
1186 3755 1418 3818 rempub.

365 3845 483 3880 cnm
525 3832 620 3882 tibi
667 3832 879 3882 arbitria
922 3832 1119 3883 funeris
1154 3833 1419 3883 solveban-

365 3907 492 3958 tur.'
526 3908 678 3958 Idem.

425 3993 452 4029 Ι
483 3986 712 4036 Δώσωνα
755 4002 840 4050 pro
874 3986 1037 4037 arbore
1071 3987 1257 4050 antiqua·
1286 3985 1418 4037 diee-

362 4061 496 4125 bant]
559 4060 802 4111 Placidus
848 4063 900 4111 in
941 4061 1174 4113 Gloaaia:
1207 4067 1225 4092 ⁸
1253 4062 1420 4112 Hane·

360 4154 475 4190 narn
518 4138 718 4204 antiqui
742 4137 1002 4199 dicebant,
1038 4146 1096 4188 ut
1129 4153 1259 4200 anau,
1291 4153 1419 4201 quaa

358 4230 450 4265 noa
483 4230 618 4277 arar,
650 4221 727 4263 et·
748 4215 902 4264 Lases
941 4228 1069 4279 qnos
1106 4215 1262 4264 Lare·
1294 4215 1417 4264 dioi-

356 4292 505 4344 mur?
561 4292 742 4343 Velius
790 4293 992 4356 Longus
1038 4292 1104 4342 de
1154 4291 1415 4356 orthogra-

1504 2594 1657 2658 phia:
1690 2592 1898 2644 ⁸Feaiaa
1922 2590 2121 2657 antiqui
2163 2604 2261 2655 pro
2285 2587 2466 2638 feriat:
2504 2590 2563 2637 at

1504 2674 1711 2735 harena,
1731 2688 1827 2738 pro
1849 2671 2073 2723 harena?
2110 2671 2220 2722 Ν.
2244 2667 2412 2719 Unia.

1569 2749 1819 2814 Arboreus]
1854 2751 1928 2800 Ut
1947 2750 1964 2778 ⁸
1984 2747 2185 2798 adroaia
2199 2746 2220 2768 ’
2239 2758 2334 2811 pro
2370 2745 2387 2774 ⁸
2408 2741 2569 2792 advo·

1505 2827 1614 2889 ria,'
1661 2829 1677 2856 ⁸
1702 2825 1922 2877 barena'
1966 2839 2063 2889 pro
2118 2830 2133 2852 ⁸
2156 2820 2351 2880 arena,'
2404 2822 2423 2849 ⁸
2445 2817 2567 2869 aaa’

1505 2919 1603 2969 pro
1645 2904 1808 2969 ‘ara,’
1862 2910 1919 2954 et
1957 2901 2157 2952 rimilia.
2233 2901 2372 2964 Lege
2415 2895 2567 2960 iufra,

1502 2982 1666 3031 roboae
1685 2997 1780 3047 pro
1800 2980 1981 3030 robore.
2016 2980 2154 3029 Dae.
2197 2989 2210 3004 ³

1568 3058 1595 3093 ¹¹
1626 3055 1863 3120 Areatas]
1897 3057 2045 3121 Virg.
2081 3056 2282 3119 Ecloga
2309 3065 2412 3103 vn.
2445 3052 2570 3102 Ana

1570 3211 1786 3262 Ἀττικέ
1804 3209 2054 3275 rem-ir]
2077 3207 2160 3260 Ab
2176 3211 2193 3240 ⁸
2209 3205 2362 3272 area:
2383 3211 2399 3236 ⁸
2417 3217 2565 3256 area-

1505 3288 1638 3350 na⁸,'
1674 3296 1733 3339 ut
1781 3290 1847 3337 ab
1886 3290 1903 3316 ⁸
1927 3285 2157 3352 oppido,’
2197 3289 2214 3315 ⁸
2240 3280 2568 3349 oppidanae-⁹

1502 3366 1633 3416 Am
1656 3373 1830 3418 autem
1859 3365 1926 3416 ab
1947 3380 2083 3414 arceo
2105 3364 2260 3413 Varr.
2283 3362 2375 3412 lib.
2397 3374 2474 3411 ιν.
2496 3358 2566 3409 da

1504 3443 1563 3492 1..
1585 3444 1646 3494 1..
1698 3444 1714 3471 ⁸
1741 3441 1882 3492 Arca
1903 3441 2041 3507 quod
2066 3448 2311 3491 arcentur
2327 3437 2472 3488 fure·
2493 3434 2563 3486 ab

1502 3533 1567 3569 ea
1602 3519 1815 3570 elauaa.'
1878 3519 2001 3569 Sive
2056 3518 2229 3582 potina
2274 3516 2342 3565 ab
2384 3527 2566 3576 arcere,

1502 3597 1624 3662 quia
1642 3596 1693 3645 id
1715 3595 1998 3646 veteribu-
2015 3601 2129 3643 erat
2150 3592 2409 3643 continere.
2454 3589 2563 3638 Un-

1500 3673 1570 3722 de
1592 3679 1646 3722 et
1666 3686 1818 3722 arena
1856 3672 1946 3737 qni
1967 3671 2076 3720 aine
2100 3669 2276 3719 fulcris
2312 3681 2367 3717 ae
2391 3667 2560 3729 ipsum

1503 3749 1754 3798 eontinet.
1800 3746 1998 3798 Eadem
2042 3754 2098 3796 et
2129 3745 2302 3796 ‹rr-cela.
2350 3743 2563 3793 Glossa-

1502 3828 1653 3890 rium,
1684 3828 1700 3855 ⁸
1724 3840 1862 3887 area,
1905 3826 2094 3880 arcela.
2133 3819 2353 3880 κιβοηδι,
2392 3817 2560 3886 cupha,

1499 3901 1738 3967 κᾶμπρα,
1759 3900 1968 3966 λάρναξ)
2001 3900 2151 3950 lde-⁸.

1562 3978 1589 4014 ¹¹
1621 3979 1824 4042 Arcere]
1856 3974 2048 4042 Ἀρκέυ.
2082 3975 2356 4036 Contineo,
2391 3973 2558 4037 capio·

1500 4058 1625 4108 item
1649 4055 1918 4120 prohibeo,
1940 4049 2205 4119 propulso.
2249 4053 2319 4102 Et
2337 4051 2458 4101 lude
2475 4064 2556 4099 ar-

1498 4148 1655 4194 cere:
1694 4146 1863 4197 neque
1899 4132 2034 4188 enim
2058 4129 2344 4180 audiendus
2374 4129 2558 4179 Faetus

1499 4213 1586 4279 qui
1609 4211 1672 4261 ab
1690 4208 1843 4276 ἄρχοι,
1865 4210 2082 4276 impero.
2118 4207 2265 4257 Idm.
