3020 4853
579 385 710 451 294

1256 400 1482 452 sssxwt
1533 402 1833 452 Pourssu
1886 402 2092 453 FsssTt

668 549 1002 633 citroque:
1050 546 1193 613 sive
1251 568 1294 614 a
1340 547 1716 614 vibratione
1763 548 1998 627 hastae,
2049 547 2234 633 quod
2280 548 2511 617 Graeci
2541 551 2768 618 dicunt

668 648 1010 735 κραδαίνεινε
1040 658 1092 701 ¹⁹
1135 650 1264 729 vel,
1311 659 1390 715 ut
1440 650 1557 716 alii
1610 650 1865 727 dicunt,
1898 653 2061 736 quia
2094 653 2387 735 gramine
2428 655 2520 721 sit
2547 664 2766 733 ortum

666 751 851 838 quod
897 753 1380 837 interpretatur.
1430 752 1590 835 quia
1637 772 1881 819 corona
1918 756 2259 837 graminea
2286 757 2356 820 in
2400 777 2472 822 re
2503 759 2767 825 militari

603 874 609 879 ·
663 854 980 919 maximae
1009 858 1113 918 est
1138 853 1618 945 honorationiS.

582 957 830 1023 Graeca
869 975 1088 1034 sacra,
1135 953 1349 1022 festa¹
1394 954 1658 1021 Cereris
1687 975 1779 1022 ex
1818 956 2090 1025 Graecia
2117 962 2460 1041 translata,
2494 982 2655 1048 quae
2681 965 2764 1030 ob

668 1060 1109 1125 inventionem
1151 1058 1580 1145 Proserpinae
1609 1066 1931 1127 matronae
1972 1064 2323 1130 colebant:
2368 1085 2525 1149 quae
2554 1085 2766 1144 sacra,

668 1162 825 1227 dum
857 1180 994 1227 non
1029 1168 1256 1228 essent
1291 1170 1633 1245 matronae,
1681 1185 1833 1249 quae
1875 1166 2167 1233 facerent
2202 1172 2470 1253 propter
2512 1169 2768 1234 cladem

669 1264 1106 1344 Cannensem,
1143 1274 1213 1332 et
1255 1256 1690 1352 frequentiam
1726 1268 2108 1352 lugentium,
2136 1271 2506 1344 institutum
2534 1278 2662 1351 est,
2688 1293 2765 1338 ne

670 1369 961 1451 amplius
992 1376 1251 1436 centum
1281 1371 1517 1437 diebus
1546 1372 1898 1457 lugeretur.

583 1468 992 1536 Grallatores
1009 1478 1048 1507 ¹¹²
1094 1474 1617 1558 appellabantur
1634 1476 2048 1561 pantomimi,
2070 1477 2207 1561 qni,
2229 1479 2388 1543 utin
2412 1479 2775 1569 saltatione·

1494 1669 1553 1691 00

649 1807 711 1854 19
743 1804 830 1856 At.
875 1804 1125 1870 reperirem.

1563 1938 1778 1990 NOTAE

648 2030 662 2064 ¹
701 2032 873 2081 Gra-ca
892 2033 1212 2097 sacr-adesto]
1248 2034 1501 2099 Cerealia,
1524 2051 1639 2101 qun

583 2107 650 2157 ad
686 2108 1059 2159 Eleusiniornm
1094 2112 1429 2163 imitationem
1462 2112 1637 2163 facta:

583 2184 702 2235 ideo
736 2200 801 2235 ex
834 2186 1040 2237 Gracia
1073 2190 1324 2240 translata
1357 2191 1482 2240 «licit
1517 2191 1639 2241 Fes-

583 2269 682 2313 tus.
739 2264 1230 2330 Repraeseutabatur
1248 2270 1406 2319 Ceres
1425 2270 1641 2320 Proser·

583 2339 757 2402 pinam
798 2355 1051 2405 quarens,
1083 2351 1137 2411 et
1160 2358 1275 2393 cum
1315 2343 1434 2395 face
1473 2351 1638 2397 totum

582 2416 760 2467 orbem
814 2433 1103 2482 pererrans.
1168 2420 1305 2472 Vide
1362 2421 1521 2474 Ovid.
1561 2438 1638 2476 rv-

581 2495 724 2544 Fast.
758 2493 1046 2549 Arnobium
1065 2506 1119 2549 et
1132 2497 1387 2551 Alexand.
1402 2502 1467 2553 ab
1483 2502 1638 2554 Alex.

581 2569 673 2619 lib.
696 2584 774 2620 vt.
799 2586 913 2636 cap.
934 2578 983 2623 9.
1051 2575 1351 2626 Cerealibus
1375 2584 1495 2629 ante
1518 2592 1638 2628 noc-

582 2653 688 2696 tem
730 2639 927 2710 epulari
951 2648 1114 2710 nefas,
1139 2652 1277 2715 quia,
1301 2658 1361 2703 ιιι
1384 2655 1459 2705 ait
1483 2655 1640 2706 Calli-

582 2724 814 2785 macbus,
846 2726 1005 2776 Ceres
1046 2726 1182 2777 fame
1222 2727 1427 2788 affecta.
1465 2746 1529 2782 ae
1563 2733 1639 2782 ni·

581 2799 852 2852 nilominus
884 2804 1226 2868 pertinaciter
1251 2807 1507 2873 jejunium
1531 2825 1637 2861 ser-

583 2891 724 2935 vans,
748 2894 780 2927 a
801 2880 1038 2946 Vespero
1062 2882 1269 2934 tandem
1294 2900 1561 2950 persuasa,
1583 2896 1642 2940 ιιι

582 2963 763 3019 potum
799 2966 1054 3010 sumeret:
1077 2957 1329 3027 Ἕσπερος,
1366 2963 1482 3014 ὅστε
1519 2968 1643 3017 πιεῖν

583 3033 836 3097 Aufidum
874 3035 1026 3098 μὸνος
1081 3040 1280 3092 ἔπεισεν.
1332 3045 1348 3074 ⁸
1371 3044 1638 3109 vesperus

582 3110 667 3173 qni
692 3112 827 3161 solus
854 3112 1094 3165 Cererem
1120 3120 1374 3181 persuasit
1398 3128 1455 3171 ut
1494 3121 1638 3172 bibe·

582 3184 699 3235 ret.’
768 3188 884 3247 Vel,
909 3198 967 3240 ut
1007 3191 1163 3243 ovid.
1205 3195 1344 3259 quod
1379 3196 1501 3247 dum
1542 3199 1637 3249 snb

582 3268 789 3314 noctem
823 3280 1050 3330 papaver
1076 3270 1304 3334 legebat,
1336 3273 1636 3337 imprudens

584 3342 889 3402 gustaverit.
921 3343 937 3371 ‘
961 3343 1173 3410 Colligit
1193 3350 1386 3412 agresti
1410 3350 1525 3401 leve
1551 3368 1639 3416 pa-

581 3428 744 3479 paver
775 3417 945 3470 humo.
1009 3422 1151 3473 Dum
1182 3423 1307 3487 legit
1342 3426 1507 3477 oblito
1539 3428 1639 3479 fer-

582 3498 669 3539 tur
700 3499 937 3556 gustasse
960 3496 1152 3560 palato,
1177 3498 1514 3568 Longamque
1550 3506 1640 3555 im-

479 3627 484 3632 *
580 3567 809 3631 prudens
864 3571 1148 3624 exsoluisse
1203 3573 1408 3627 famem.
1485 3580 1637 3646 Quas,

582 3646 700 3710 qnia
732 3648 986 3712 principio
1020 3652 1192 3713 posuit
1219 3653 1422 3718 jejunia
1453 3659 1641 3722 noctis,

576 3721 800 3786 Tempus
853 3723 1045 3774 babent
1097 3734 1274 3791 mystae
1315 3729 1488 3782 sidera
1530 3734 1638 3785 visa

578 3797 719 3848 cibi!
772 3800 820 3849 A
842 3800 1137 3864 lugentibus
1159 3804 1270 3854 boec
1290 3819 1438 3857 sacra
1455 3811 1636 3877 peragi

578 3890 682 3927 non
722 3886 984 3942 poterant,
1034 3881 1154 3944 quia
1198 3892 1317 3946 post
1366 3894 1635 3951 receptam

578 3954 965 4020 Proserpinam,
987 3958 1002 3985 ‘
1026 3957 1153 4007 Tum
1175 3958 1380 4011 demum
1410 3965 1634 4016 vultum·

577 4045 677 4095 qne
702 4032 860 4082 Ceres
884 4034 1203 4100 animumque
1226 4041 1441 4104 recepit,
1461 4042 1633 4109 Impo-

580 4108 783 4172 suitque
801 4123 907 4159 suae
920 4111 1095 4172 spicea
1108 4121 1246 4164 serta
1262 4119 1462 4169 comae.’
1481 4121 1632 4172 Ideo-

579 4199 679 4250 que
704 4193 826 4235 tnnc
849 4186 1093 4238 candidas
1118 4199 1286 4243 vestes
1316 4194 1629 4252 induebant}

581 4270 594 4291 ‘
623 4262 758 4313 Alba
788 4263 946 4315 decet
975 4266 1215 4318 Cererem
1241 4274 1413 4335 vestis,
1442 4275 1632 4329 Cerea·

578 4337 710 4389 libus
735 4338 901 4390 albam
924 4341 1137 4400 Sumite,
1159 4359 1292 4398 nnnc
1321 4351 1448 4414 pulli
1472 4355 1629 4408 velle·

1720 2037 1790 2089 ris
1841 2052 1961 2089 nsns
2005 2039 2185 2092 abest!
2247 2041 2351 2091 Sed
2402 2047 2527 2107 post
2579 2042 2767 2093 cladem

1719 2115 2058 2174 Cannensem,
2111 2132 2246 2180 cum,
2310 2126 2529 2184 propter
2582 2120 2767 2170 luctum

1717 2199 1967 2243 matronoe
1990 2194 2291 2245 Cerealibus
2318 2197 2519 2261 operari
2535 2211 2641 2246 non
2666 2211 2770 2260 pos·

1717 2276 1852 2325 sent,
1894 2270 2120 2321 Senatus
2176 2272 2369 2322 luctum
2425 2271 2563 2323 finiri
2602 2273 2771 2338 jussit,

1718 2346 1734 2375 ⁸
1762 2354 1971 2397 centum
2006 2347 2227 2413 diebus,’
2249 2357 2309 2399 ut
2343 2350 2563 2400 Festusz
2604 2356 2662 2400 ιιι
2696 2352 2774 2401 Li·

1719 2423 1850 2487 vius,
1869 2425 1886 2453 ‘
1908 2425 2156 2492 triginta)
2222 2429 2353 2479 Livii
2367 2429 2526 2480 verba
2546 2438 2673 2480 sunt
2690 2429 2771 2480 lib.

1720 2514 1866 2553 xxn.
1902 2512 2030 2555 sect.
2069 2508 2152 2554 86.
2184 2504 2347 2555 ‘Tum
2394 2507 2614 2569 private
2658 2520 2775 2570 qno·

1719 2593 1820 2642 que
1844 2593 1939 2643 per
1959 2580 2137 2631 domos
2164 2581 2343 2632 clades
2366 2583 2595 2646 vulgate
2627 2592 2773 2633 sunt:

1719 2658 1955 2724 adeoque
1990 2667 2151 2709 totam
2185 2658 2364 2711 urbem
2396 2661 2636 2726 opplevit
2671 2661 2775 2734 luc·

1721 2743 1825 2794 tus,
1855 2745 1914 2788 ut
1947 2752 2150 2788 sacrum
2183 2741 2588 2790 anniversarium
2623 2740 2775 2790 Cere·

1723 2814 1791 2862 ris
1814 2814 2155 2865 intermissum
2178 2816 2274 2878 sit;
2308 2817 2446 2882 quis,
2469 2831 2568 2867 nec
2602 2818 2774 2883 lugen-

1721 2889 1859 2940 tibus
1897 2890 1951 2940 id
1987 2890 2161 2943 facere
2197 2900 2278 2944 est
2316 2893 2415 2957 fas,
2449 2909 2548 2944 nec
2582 2895 2691 2944 nlla
2726 2894 2773 2942 in

1721 2966 1808 3018 illa
1842 2975 2156 3034 tempestate
2189 2978 2423 3021 matrona
2455 2984 2644 3035 expers
2679 2970 2777 3020 luc·

1723 3052 1804 3093 tus
1847 3043 2038 3095 fuerat.
2106 3046 2292 3113 ltaque
2338 3060 2403 3097 ne
2443 3044 2513 3096 ob
2561 3046 2770 3097 eandem

1716 3136 1924 3172 cansam
1971 3123 2074 3174 alia
2124 3138 2331 3189 quoque
2371 3139 2523 3174 sacra
2562 3124 2772 3188 ‘publica

1719 3209 1812 3249 aut
1855 3199 2060 3264 privata
2106 3200 2493 3265 desererentur,
2534 3203 2773 3252 Senatus-

1719 3278 1954 3327 consulto
1997 3277 2179 3328 diebus
2226 3279 2439 3343 triginta
2484 3279 2652 3329 luctus
2695 3284 2771 3327 est

1716 3352 1934 3405 finitus!
1999 3355 2130 3405 Inde
2169 3358 2379 3421 proprie
2411 3358 2573 3407 minui
2606 3358 2766 3407 luctus

1719 3432 2008 3497 dicebatur,
2035 3450 2152 3486 cum
2188 3444 2337 3487 erant
2369 3438 2422 3487 in
2453 3444 2598 3488 casto
2621 3439 2767 3489 Cere·

1721 3509 1811 3573 ris,
1832 3511 1929 3562 boc
1962 3519 2063 3573 est,
2085 3528 2202 3563 cum
2233 3513 2389 3564 rebus
2409 3515 2664 3565 venereis
2686 3514 2767 3564 ab·

1720 3586 1984 3639 stinebant
2008 3589 2071 3640 ad
2096 3605 2242 3641 sacra
2266 3592 2474 3642 Cereris
2508 3592 2764 3643 obeunda:

1719 3676 1836 3714 nam
1874 3665 2179 3717 Cerealibus
2216 3668 2335 3718 vino
2371 3678 2426 3718 et
2457 3669 2666 3721 Venere
2699 3672 2765 3719 in-

1719 3741 2011 3793 terdictum.
2055 3745 2192 3795 Vide
2213 3747 2229 3776 ‘
2249 3746 2614 3814 minuebatur!
2648 3747 2767 3798 Por·

1715 3833 1774 3869 ro
1799 3819 2207 3874 Cerealia⁰erant
2228 3841 2259 3875 a
2283 3824 2451 3889 pridie
2474 3823 2601 3875 Idus
2623 3824 2764 3890 Apri·

1714 3895 1777 3944 lis
1804 3910 1897 3960 per
1920 3898 2029 3948 dies
2050 3905 2187 3949 octo.
2207 3900 2356 3950 Idem·

1760 3981 1815 4007 ¹¹
1851 3975 2175 4040 (ἔπαυον-ει]
2210 3978 2427 4029 Plautus
2451 3978 2502 4028 in
2520 3979 2760 4029 Poenalo:

1714 4050 1731 4078 ‘
1753 4049 2045 4100 Vinceretis
2084 4066 2292 4102 cervom
2328 4068 2482 4105 cursu
2523 4058 2605 4105 vel
2641 4057 2760 4120 gral-

1715 4125 1931 4176 latorem
1956 4126 2159 4190 gradu!
2198 4129 2286 4179 Sic
2309 4130 2463 4180 etiam
2489 4132 2627 4195 apud
2649 4133 2761 4181 Var-

1715 4217 1890 4253 ronem
1931 4204 2020 4254 lib·
2047 4218 2124 4255 vt.
2162 4206 2226 4256 de
2267 4207 2472 4274 Lingua
2509 4210 2625 4261 Lat.
2649 4210 2759 4260 Διι.

1716 4281 1843 4343 Aug.

1780 4360 2097 4426 Graltaeom]
2164 4363 2522 4416 Glossarium:
2580 4368 2596 4394 ‘
2624 4366 2757 4415 Gni-
