3020 4853
524 327 611 394 76

522 488 1001 555 Ancunulentae
1016 494 1043 522 ⁰
1070 486 1366 552 soeminae
1400 491 1736 550 menstruo
1766 491 2062 565 tempore
2094 476 2555 564 appellantur:
2587 497 2702 542 uu·

613 592 698 658 de
729 590 1013 657 trahitur
1037 589 1635 673 inquinamentum.

523 695 759 761 Ancus
779 705 806 744 P
856 693 1252 779 appellatur,
1292 691 1410 775 qui
1455 689 1786 755 aduncum
1829 686 2176 753 brachium
2212 684 2442 763 habet,
2471 691 2550 748 ut
2593 702 2709 749 ex-

615 799 862 882 porrigi
892 817 1022 862 non
1058 795 1298 880 possit.

525 899 848 969 Androu‘¹
892 901 1084 965 locus
1123 896 1445 963 domicilii
1480 896 1856 981 appellatur
1898 892 2237 977 angustior
2281 889 2713 973 longitudine,

613 1007 682 1071 iu
709 1024 846 1089 quo
876 1004 1001 1070 viri
1046 999 1357 1088 plurimi⁶
1397 1001 1856 1078 morabantur,
1881 1007 1962 1063 ut
1996 1015 2383 1081 gynaeceum
2417 1015 2459 1059 a
2492 993 2718 1059 mulie·

616 1108 830 1172 ribus.

533 1209 937 1286 Andruare,¹
977 1208 1047 1274 id
1089 1215 1213 1288 est,
1244 1226 1599 1284 recurrere,
1633 1226 1675 1272 a
1704 1204 1954 1271 Graeco
1986 1205 2190 1270 verbo
2220 1202 2481 1287 ἄναὸρᾷν,
2503 1199 2572 1265 id
2597 1205 2721 1275 est,

614 1314 907 1379 invenire
934 1333 950 1374 t
994 1313 1152 1378 hinc
1183 1318 1250 1379 et
1278 1312 1444 1377 drua
1475 1322 1723 1377 vocata
1750 1315 1873 1375 est.

535 1415 909 1500 Angeronae
930 1425 950 1453 ⁸
996 1417 1169 1484 Deae
1208 1436 1400 1482 sacra
1438 1436 1481 1481 a
1530 1413 1854 1479 Romanis
1882 1411 2195 1476 instituta
2220 1414 2400 1487 sunt,
2431 1426 2579 1471 cum
2609 1424 2722 1469 an-

1198 336 1423 386 snxvl
1475 334 1782 385 POMPEU
1834 331 2042 382 Fsss'rl

619 1522 775 1603 gina
803 1538 998 1585 omne
1037 1539 1241 1603 genus
1282 1518 1669 1584 animalium
1711 1519 2242 1581 consumeretur:
2311 1510 2510 1596 cnjus
2552 1508 2722 1574 festa

619 1623 1076 1706 Angeronalia
1103 1621 1529 1688 dicebantur.

1453 1767 1663 1790 “Oom

1666 1766 1812 1789 00000

597 1879 629 1923 6
661 1873 766 1925 Pro
787 1875 885 1924 viri
901 1875 1097 1939 plurimi
1119 1874 1325 1942 quidam
1348 1874 1546 1926 habent
1564 1875 1838 1940 plurimum,
1859 1869 2007 1932 maie,
2024 1872 2267 1917 censente
2291 1866 2423 1916 Dac-

1524 2008 1748 2064 NOTAE

532 2112 737 2174 anelare,
790 2114 1107 2178 ministrare,
1169 2113 1594 2167 confunderetur.

535 2188 711 2239 Quare
735 2199 931 2240 certum
953 2199 1051 2255 est,
1068 2207 1163 2257 pro
1186 2191 1392 2242 haurire
1415 2192 1598 2242 untlare

536 2265 727 2330 ubique
751 2267 1079 2319 scribendum
1104 2285 1216 2319 esse
1243 2284 1335 2332 per
1358 2273 1380 2318 t
1402 2284 1432 2319 a
1448 2268 1594 2319 Grae-

535 2357 599 2393 co
619 2342 830 2409 ἀντλεῖν,
864 2352 919 2396 ut
954 2345 1299 2411 distinguatur
1321 2344 1389 2395 ab
1409 2346 1598 2394 anelare

535 2421 672 2487 quod
697 2422 763 2474 ab
785 2426 1020 2475 osculare.
1065 2425 1261 2475 Versus
1283 2422 1438 2474 etiam
1464 2421 1597 2473 Livii

538 2500 818 2552 Andronici
858 2503 931 2552 sic
972 2503 1240 2568 legendus.
1320 2502 1598 2565 Floremque

535 2577 783 2626 mactabant
822 2578 961 2627 liberi
993 2594 1055 2629 ex
1073 2578 1339 2629 carchesiis.
1408 2578 1598 2642 Neque

537 2655 674 2703 euim
700 2657 955 2705 assentior
977 2657 1242 2721 scaligero
1267 2655 1460 2719 legenti
1487 2655 1598 2703 F'lo-

535 2743 637 2778 rem
657 2730 953 2782 cambone.
1017 2731 1118 2780 Sed
1144 2730 1422 2795 occupavit
1457 2732 1600 2780 Doc-

537 2805 764 2857 tissimus
784 2808 999 2858 Vossius
1034 2808 1086 2857 in
1125 2806 1485 2872 Etymologico
1507 2820 1599 2855 suo

537 2897 797 2950 nunquam
820 2886 947 2935 satis
970 2885 1194 2935 laudato.
1228 2884 1354 2935 Duc.

601 2968 625 2994 ⁰
656 2962 1027 3029 Amnalentoe]
1065 2962 1354 3026 Per-peram
1378 2961 1429 3010 in
1449 2959 1605 3011 Glos-

539 3038 703 3088 sario:
719 3045 735 3066 ⁴
752 3039 1046 3104 Ancodata,
1060 3037 1417 3103 περιοραθεῖσα.’
1438 3038 1607 3087 Mani-

540 3114 678 3164 festc
695 3116 993 3181 tegendum,
1006 3115 1338 3167 Aacaaulentu
1354 3133 1370 3166 .·
1393 3130 1486 3181 per
1508 3116 1606 3167 hoc

539 3191 755 3242 verbum
779 3192 947 3242 omnia
978 3206 1169 3257 spurca
1203 3197 1259 3242 et
1290 3192 1495 3242 sordida
1519 3207 1609 3241 ex·

540 3275 846 3333 presserunt
885 3276 1093 3319 veteres
1139 3270 1329 3333 Latini,
1370 3270 1605 3332 Coeuum,

541 3359 713 3409 cuuae,
768 3345 1051 3411 inquinare,
1092 3347 1502 3414 conquiniscere,
1547 3353 1604 3399 et

542 3423 662 3482 alia,
699 3439 815 3489 quoe
851 3439 954 3475 uun
995 3426 1182 3478 dicam.
1249 3429 1382 3480 Quae
1421 3442 1516 3493 per
1552 3443 1602 3491 u,

543 3511 700 3553 antea
721 3516 816 3567 per
849 3520 892 3552 oe
923 3506 1258 3555 extulerunt:
1295 3511 1353 3555 ut
1374 3505 1426 3554 in
1459 3511 1475 3534 ·
1497 3519 1606 3570 pce·

544 3578 687 3643 nire,’
726 3579 743 3607 ‘
761 3581 976 3644 punire!
1005 3583 1114 3633 δον.
1138 3582 1271 3633 Scul-

619 3656 984 3724 Ancunalentoe]
1039 3662 1054 3687 ⁸
1081 3658 1307 3722 Cunire,'
1363 3666 1423 3710 ut
1467 3657 1604 3709 infra

544 3735 746 3799 Festus,
779 3743 860 3786 est
881 3747 1078 3787 stercus
1101 3735 1296 3800 facere,
1316 3736 1452 3787 unde
1479 3738 1496 3766 ⁸
1518 3751 1606 3786 an-

543 3813 880 3863 cuuuientus'
914 3813 1168 3864 sordidus.
1232 3813 1386 3862 Unde
1406 3812 1606 3877 ‘inqui-

542 3887 704 3945 nare,'
760 3897 775 3918 ‘
805 3886 1287 3955 inquinamentum.’
1375 3888 1611 3966 Coenum,

545 3980 710 4026 cunae,
747 3967 943 4024 cuuire‚
988 3966 1278 4032 inquinare,
1315 3966 1607 4031 conquinis-

547 4058 686 4094 cere.
721 4044 846 4094 Dae.

610 4130 637 4163 ι»
673 4119 857 4185 Ancus]
912 4119 1018 4171 Qui
1055 4119 1241 4170 Latine
1281 4118 1461 4182 Ancus,
1495 4120 1539 4170 is
1580 4136 1612 4170 a

548 4197 748 4249 Groecis
775 4195 1071 4260 γαλιαγκῶν.
1105 4198 1347 4248 Meminit
1377 4204 1433 4248 et
1456 4197 1610 4248 Glos-

549 4273 773 4325 sarium:
831 4274 849 4302 ‘
884 4273 1082 4339 Aucus,
1129 4276 1372 4340 Maucus,
1415 4273 1610 4341 κυλλὸς,

1675 2107 1879 2173 Inopus?
1910 2109 2017 2158 Jos.
2040 2107 2192 2157 Senis

1739 2183 1926 2247 Ancum]
1966 2182 2316 2236 Glossarium:
2360 2187 2376 2211 ‘
2394 2195 2574 2244 ancus,
2595 2192 2733 2229 man·

1676 2282 1787 2331 cus,
1828 2264 2023 2328 κυλλδς,
2065 2262 2270 2329 napus!
2356 2261 2489 2312 Inde
2528 2260 2732 2311 ‘Ancus

1677 2344 1902 2395 Martius
1922 2341 1934 2363 '
1974 2358 2063 2391 rex
2087 2342 2272 2392 dictus.
2305 2340 2433 2390 Duc.

1742 2430 1766 2464 ιΙ
1800 2418 2025 2484 Andron]
2076 2419 2280 2471 Graecis
2323 2415 2514 2483 ὰνὸρόν.
2594 2411 2736 2465 Infra

1679 2515 1772 2565 pro
1792 2500 1888 2550 viri
1920 2498 2118 2564 plurimi
2156 2495 2360 2562 qnidam
2383 2494 2572 2544 habent
2591 2491 2739 2556 pluri·

1677 2595 1820 2636 mam,
1844 2578 1996 2628 male.
2020 2576 2149 2627 Cum
2169 2576 2220 2625 in
2246 2573 2472 2623 androne
2494 2571 2739 2637 plurimos

1677 2656 1905 2706 homines
1949 2654 2213 2703 habitasse
2251 2651 2378 2702 dicit
2418 2650 2626 2711 Festus,
2667 2647 2741 2697 ita

1679 2733 1843 2782 innuit
1867 2732 2091 2795 amplum
2115 2728 2427 2779 domicilium
2468 2725 2645 2782 fuisse,
2685 2729 2744 2773 nt

1680 2817 1807 2861 erat.
1847 2807 2079 2874 Hesych.
2112 2807 2331 2871 ἂνδρεὼν,
2369 2806 2395 2855 ὀ
2425 2802 2576 2867 μέγας
2598 2800 2742 2852 oinos.

1686 2889 1837 2939 Idem.

1747 2971 1768 2998 ¹'
1796 2963 2071 3028 Andrum-e]
2091 2963 2136 3014 Α
2153 2962 2340 3015 Gracc
2354 2962 2573 3027 ἂναδρᾷν.
2592 2958 2744 3010 Quod

1685 3043 1824 3094 istud
1865 3043 1934 3094 sit
1974 3041 2141 3106 verbi,
2173 3041 2366 3104 nescio,
2400 3039 2581 3103 magis,
2620 3037 2745 3103 quid

1687 3121 1801 3185 ejus
1843 3121 2008 3171 vicem
2054 3118 2365 3170 substituam
2409 3131 2511 3167 uon
2560 3113 2746 3167 habeo.

1688 3197 1809 3248 Nou
1833 3203 1960 3263 puto
1986 3195 2198 3247 verbum
2221 3195 2466 3246 Graecum
2501 3193 2585 3244 hic
2607 3192 2747 3243 desi-

1690 3274 1877 3326 derari.
1942 3273 2043 3324 Sed
2084 3273 2350 3338 scripsisse
2395 3274 2627 3333 Festum,
2661 3288 2745 3322 un-

1684 3355 1855 3403 drim-e
1883 3359 1953 3403 est
1976 3367 2233 3411 recurrere,
2252 3368 2282 3401 α
2307 3351 2446 3401 uerbo
2481 3356 2661 3412 mure,
2695 3351 2747 3400 id

1683 3435 1775 3494 est,
1796 3445 1993 3480 movere.
2043 3429 2179 3479 Hinc
2200 3434 2308 3479 trita
2327 3434 2510 3480 vocata.
2554 3429 2746 3478 Tamen

1686 3507 1731 3557 si
1780 3505 2057 3572 ἀναδραμεῖν
2088 3521 2416 3570 reponamus,
2462 3505 2746 3555 tolerabilis

1685 3583 1786 3634 erit
1804 3583 1978 3649 lectio,
2001 3583 2093 3648 ita,
2115 3584 2370 3645 andrum-e,
2396 3581 2449 3631 id
2480 3588 2569 3646 est,
2591 3596 2747 3631 recur-

1682 3674 1808 3722 rere,
1833 3676 1863 3708 α
1906 3660 2076 3709 Groeco
2103 3659 2242 3709 uerbo
2263 3659 2559 3723 ἀναδραμεῖν,
2577 3659 2630 3708 id
2659 3665 2746 3716 est,

1685 3736 1972 3787 indeveuire.
2042 3735 2234 3786 Nescio
2258 3735 2378 3801 quid
2406 3736 2505 3784 sibi
2529 3736 2746 3785 voluerit

1685 3820 1866 3865 auctor
1902 3811 2174 3873 Glossarii‚
2207 3812 2291 3878 qui
2329 3811 2593 3875 scripserit
2629 3811 2744 3862 ‘an-

1689 3890 1895 3954 drnare,
1911 3886 2244 3955 ὰνδρίζεσθαι)
2277 3887 2392 3938 Nisi
2407 3888 2610 3951 putavit
2627 3888 2643 3914 ‘
2659 3904 2747 3938 an·

1687 3967 1878 4018 druare
1899 3965 1915 3989 '
1937 3966 2135 4017 dictum
2151 3963 2276 4030 παρὰ
2291 3967 2383 4024 τὴν
2400 3964 2627 4028 ἀνδρείαν.
2643 3968 2748 4020 Jos.

1688 4044 1922 4108 Scaliger.
1995 4042 2130 4093 Vide
2155 4046 2171 4072 ‘
2199 4042 2593 4093 redamtruare!
2627 4045 2745 4094 Duc.

1754 4130 1773 4155 ⁸
1807 4121 2096 4185 Anger-one]
2140 4118 2485 4169 Glossarium:
2534 4121 2551 4148 ⁸
2573 4118 2744 4185 Auge-

1691 4198 1856 4260 ronia,
1892 4195 1925 4259 ἡ
1959 4195 2060 4248 θεὸς
2095 4196 2184 4258 τῆς
2219 4197 2397 4256 βουλῆς
2433 4197 2616 4261 καιρῶν.
2643 4197 2745 4262 ἆορ.
