3020 4853
557 362 689 428 302

561 525 907 603 Heluela,‘¹
946 525 1175 591 holera
1203 525 1478 590 minuta.

1245 379 1473 428 Sssxw
1532 380 1835 429 Pomvssn
1890 381 2095 430 FBSTI

560 628 787 694 Heluo
811 636 832 664 ¹
890 628 1113 694 dictus
1159 635 1264 694 est
1309 626 1743 693 immoderate
1791 629 1968 693 bona
2020 648 2147 710 sua
2198 649 2619 710 consumens»,
2671 630 2745 694 ab

646 731 954 797 eluendo.
1001 731 1129 797 Cui
1149 738 1196 810 †
1229 732 1583 815 aspiratur,
1619 739 1690 797 ut
1713 731 2003 797 aviditas
2024 734 2238 817 magis
2270 735 2744 818 exprobretur:

648 833 726 899 fit
755 835 932 899 enim
956 854 1092 899 vox
1124 834 1489 900 incitatior.

561 937 782 1003 Helus
801 945 824 985 5
841 946 862 974 ⁸
905 944 975 1004 et
1022 938 1255 1003 helusa
1296 938 1555 1020 antiqui
1596 936 1929 1016 dicebant,
1976 938 2159 1020 quod
2205 956 2379 1003 nunc
2424 937 2652 1014 holuS,
2687 945 2747 1003 et

646 1040 900 1105 holera.

561 1142 902 1221 Ηθῐιιίῐιει,ι
943 1161 1032 1207 ex
1061 1141 1306 1208 Graeco
1336 1141 1553 1223 ἥμισυς
1600 1141 1785 1225 quod
1809 1150 1914 1207 est
1932 1142 2209 1207 dimidia
2230 1160 2388 1227 pars
2413 1142 2709 1208 sextarii.

565 1244 920 1312 Hemona⁰
963 1246 1275 1322 humana,
1301 1253 1366 1312 et
1394 1245 1740 1311 homonem
1770 1245 2098 1311 hominem
2129 1246 2470 1311 dicebant.

562 1347 868 1420 Herbam
899 1350 1039 1428 do,¹
1083 1369 1236 1416 cum
1261 1350 1357 1415 ait
1384 1349 1696 1428 Nantua,
1724 1348 2079 1433 significat,
2101 1349 2351 1416 victum
2372 1370 2480 1414 me
2500 1349 2743 1427 fateor;

1475 1516 1500 1537 O
1506 1515 1590 1535 ‘00
1595 1514 1831 1536 OQOOOOO

628 1652 649 1698 τ
685 1643 879 1693 Eadem
915 1643 1000 1693 ed.
1039 1642 1137 1698 Qui
1175 1656 1270 1707 pro
1309 1639 1514 1689 (ἰή-5
1549 1638 1850 1702 Legendum
1906 1646 2116 1691 monent
2156 1639 2295 1690 Scal.
2339 1639 2471 1692 Dac.
2507 1639 2664 1690 Helas
2700 1644 2742 1688 et

563 1708 757 1758 Helesu.

1552 1835 1769 1887 NOTAE

625 1944 648 1978 ‘¹
689 1935 909 2001 Helaelu]
940 1936 1226 1986 Titinnius:
1263 1937 1279 1965 ‘
1302 1935 1455 1987 Lenti
1489 1935 1615 1986 cali·

562 2012 650 2072 do,
683 2013 870 2076 eluela,
927 2016 1121 2077 rapula,
1184 2012 1441 2064 rumices.’
1505 2013 1614 2063 Jos.

562 2089 691 2139 Scul.

627 2165 855 2230 Heluela]
907 2166 1128 2216 Veteres
1170 2179 1264 2230 pro
1305 2166 1438 2216 nolu
1476 2166 1615 2217 dice·

559 2240 686 2290 bant
708 2241 859 2304 helas,
883 2251 940 2292 ut
967 2243 984 2269 ‘
1004 2240 1189 2306 Apello
1204 2241 1218 2264 '
1242 2257 1335 2306 pro
1358 2244 1376 2271 ‘
1395 2241 1620 2307 Apollo‚’

559 2323 614 2366 et
636 2318 701 2366 ab
723 2318 873 2382 nolu,
895 2317 1092 2377 keluelu,
1117 2333 1276 2381 parva
1293 2319 1468 2368 holm.
1531 2319 1615 2369 'ri-

560 2394 792 2445 tinnius:
845 2397 862 2424 ·
889 2394 1040 2445 Lenti
1079 2394 1266 2457 calido,
1311 2395 1500 2459 eluela,
1537 2408 1616 2445 ra-

557 2474 696 2537 pula,
733 2471 990 2523 rumices.'
1068 2472 1307 2522 Glossae:
1347 2472 1364 2501 ‘
1394 2472 1616 2537 heluola,

556 2550 856 2615 λαχανάρια.’
912 2549 1044 2600 Inde
1069 2559 1124 2600 et
1145 2550 1359 2599 &hones
1381 2550 1615 2600 Meursio

555 2641 658 2677 non
700 2641 929 2683 voraces,
964 2634 1022 2676 ut
1053 2625 1186 2675 infra
1221 2626 1407 2676 Festus
1443 2625 1616 2687 docet,

557 2705 648 2755 sed
690 2704 903 2754 delicati
942 2711 996 2754 et
1039 2704 1259 2767 opipari,
1300 2703 1365 2752 ab
1404 2706 1614 2769 egrotis

556 2794 684 2829 voce
729 2780 998 2836 translata,
1032 2779 1118 2844 qui
1163 2779 1517 2830 nauseabundi
1560 2787 1616 2832 et

556 2855 806 2906 fastidiosi
846 2856 1071 2906 oleribus
1096 2862 1296 2906 tantum
1319 2857 1438 2906 olim
1465 2857 1611 2908 victi·

556 2934 759 2984 tabant.
793 2934 918 2983 Duc.

616 3017 639 3044 ¹
659 3009 843 3075 Helico]
875 3007 956 3058 Ab
979 3008 1200 3059 eluendo
1221 3012 1343 3070 cluo,
1367 3011 1452 3074 qui
1478 3011 1614 3061 bona

555 3104 649 3139 sua
685 3091 832 3154 eluit,
873 3090 906 3139 i.
940 3089 1168 3154 dissipat,
1208 3090 1398 3156 perdit.
1481 3094 1612 3143 Cum

553 3165 874 3231 aspiratione
893 3167 1045 3216 heluo.
1102 3168 1272 3218 Gloss.
1295 3168 1311 3196 ‘
1330 3169 1499 3231 heluo,
1523 3179 1611 3220 λα·

552 3244 773 3306 abun-m!
796 3251 811 3274 ⁸
825 3245 1062 3308 Heluari,
1080 3245 1382 3311 muenia}
1402 3249 1613 3302 haurire.

553 3313 825 3371 Quomodo
858 3322 874 3350 ‘
891 3322 1094 3372 haurire
1118 3338 1245 3387 opes
1263 3324 1276 3344 '
1312 3323 1444 3374 dixit
1467 3326 1609 3376 Mar·

553 3398 706 3449 tialis.
795 3398 897 3449 Sed
944 3399 1061 3449 vide
1112 3415 1269 3465 supra
1320 3402 1336 3430 ‘
1368 3402 1611 3455 heluela.'

613 3559 632 3586 ⁸
668 3554 820 3604 Helas
854 3559 902 3603 et
938 3551 1122 3619 Ιιεῑυα]
1178 3554 1337 3616 Lege,
1391 3555 1521 3606 helas
1558 3563 1607 3609 et

549 3630 722 3690 helem,
743 3639 797 3681 et
820 3632 895 3681 ita
911 3630 1159 3694 Scaliger.
1227 3632 1407 3682 Helesa
1429 3642 1603 3685 autem

550 3722 646 3771 pro
667 3707 840 3765 bolen,
863 3706 1000 3772 quod
1025 3721 1115 3771 pro
1137 3707 1311 3758 holera.
1365 3710 1440 3759 Ut
1460 3713 1477 3738 ‘
1495 3712 1602 3760 Va·

545 3785 699 3850 lesii‚’
738 3788 754 3813 ⁸
778 3783 1013 3841 Valerii‚’
1054 3784 1072 3811 ‘
1094 3782 1244 3847 dasi‚’
1277 3784 1292 3812 ‘
1316 3784 1467 3843 dari‚'
1500 3790 1602 3838 ὄις.

606 3940 622 3969 ⁸
651 3935 887 3999 Hemina]
940 3936 1172 3987 Dimidia
1210 3952 1331 4002 pars
1368 3939 1601 4003 sextarii,

543 4026 682 4075 nam,
709 4013 725 4039 ‘
745 4011 993 4062 Heminas
1024 4013 1211 4077 recipit
1235 4013 1461 4076 geminas
1483 4030 1597 4064 sex·

544 4091 706 4140 tarius
728 4087 893 4140 unns!
945 4090 989 4138 A
1011 4090 1202 4141 Graeco
1214 4092 1386 4152 ἧμισ-νς
1412 4093 1596 4143 melius

542 4180 574 4215 a
597 4165 787 4216 Groeco
803 4164 904 4225 ἧμι,
925 4167 1068 4219 semi.
1111 4167 1195 4217 Nu
1215 4175 1296 4218 est
1314 4169 1452 4220 vocis
1477 4184 1593 4234 pro·

540 4241 735 4297 ductio.
769 4242 918 4295 Idem.

1762 1944 1785 1969 ¹¹
1819 1935 2061 2000 Hemouu]
2096 1936 2357 1986 Hermonem
2381 1948 2475 1999 pro
2498 1933 2739 1984 hominem

1697 2013 1944 2064 dicebant
1980 2014 2216 2064 Veteres.
2281 2013 2509 2063 Ennius:
2544 2012 2744 2062 ‘Voltu-

1697 2090 1769 2140 ris
1805 2091 1857 2140 in
1892 2090 2048 2156 sylvis
2084 2091 2326 2141 miserum
2359 2088 2640 2138 mandebat
2671 2090 2748 2138 he·

1697 2169 1938 2218 monemss
2018 2169 2087 2217 Et
2128 2167 2192 2217 ab
2231 2168 2381 2231 heuto,
2414 2167 2683 2228 bemonus,
2717 2168 2745 2216 i.

1698 2244 1962 2293 liurnanns.
1996 2244 2145 2295 Iden.

1760 2326 1786 2352 ¹
1821 2319 2038 2370 Her-bum
2073 2319 2157 2383 do]
2190 2320 2324 2371 Nam
2363 2334 2517 2370 nemo
2552 2327 2748 2384 poterat

1698 2397 1801 2448 dici
1826 2397 2012 2463 victor,
2045 2398 2143 2450 nisi
2170 2399 2311 2462 prius
2334 2397 2399 2460 ls,
2430 2410 2584 2463 quem
2609 2397 2747 2461 vicis-

1697 2484 1794 2539 set,
1827 2492 1883 2527 se
1925 2478 2120 2529 victum
2158 2475 2434 2537 fateretur,
2466 2483 2523 2526 et
2565 2478 2747 2526 victum

1698 2562 2024 2617 agnosceret.
2066 2555 2293 2604 Ennius:
2328 2558 2343 2584 ‘
2363 2553 2465 2606 Qui
2491 2554 2639 2616 vicit,
2657 2567 2748 2601 nou

1698 2639 1780 2681 est
1803 2633 1984 2689 victor,
2008 2632 2105 2682 nisi
2140 2631 2297 2682 victu'
2319 2628 2550 2681 fatetur:
2619 2631 2751 2681 Cita-

1699 2717 1784 2758 tur
1806 2708 1859 2758 in
1885 2708 2186 2773 fragmentis
2208 2707 2397 2772 Servii,
2432 2724 2550 2773 qnae
2574 2714 2750 2758 extant

1696 2785 1749 2834 ln
1788 2786 1977 2848 pluteis
2003 2787 2067 2836 P.
2092 2784 2342 2835 Danielis.
2408 2785 2609 2834 Versus
2635 2797 2749 2834 vero

1695 2860 1853 2924 Attii,
1901 2863 1988 2927 qui
2033 2862 2259 2913 citantur
2303 2877 2368 2912 ex
2412 2862 2685 2926 Meleagro
2721 2875 2749 2909 a

1696 2939 1887 2997 Nonio,
1927 2940 2052 2990 nibil
2091 2940 2154 2990 ad
2206 2955 2343 2990 rem:
2382 2940 2535 2990 immo
2576 2949 2749 2990 contra

1693 3017 2005 3067 senteutiam
2040 3016 2199 3081 ipsius
2240 3015 2419 3073 Nonii,
2454 3015 2542 3080 qui
2575 3030 2663 3065 eos
2686 3014 2747 3065 ad

1692 3091 1787 3141 hoc
1825 3091 2151 3155 proverbium
2187 3090 2561 3141 accommodat.
2628 3092 2748 3141 Sunt

1693 3175 1864 3219 autem
1899 3168 1982 3220 hi:
2020 3169 2037 3198 ‘
2057 3168 2329 3230 Gaudent,
2358 3176 2595 3229 currunt,
2618 3170 2746 3216 cele·

1691 3244 1865 3309 brant,
1889 3245 2103 3296 herbam
2125 3243 2417 3302 conferunt,
2439 3243 2653 3307 donant,
2675 3253 2746 3294 te-

1693 3331 1833 3374 nent.
1911 3323 2019 3374 Pro
2052 3337 2107 3372 se
2148 3324 2364 3388 quisque
2406 3336 2523 3372 cum
2563 3335 2746 3372 corona

1690 3399 1886 3450 clarum
1923 3400 2209 3451 conlustrat
2244 3398 2440 3463 caput-⁹
2507 3399 2643 3450 Nam
2664 3399 2742 3449 hic

1689 3475 1897 3540 quidem
1936 3477 2236 3542 agnoscitur
2275 3476 2460 3538 victor,
2492 3483 2549 3526 at
2588 3491 2684 3526 uon
2713 3491 2740 3524 a

1691 3553 1861 3605 victis.
1926 3554 2059 3604 Sunt
2095 3553 2229 3603 enim
2268 3553 2392 3602 socii
2428 3559 2488 3603 et
2521 3554 2739 3617 aequales

1686 3630 1964 3696 Meleagri,
2008 3631 2192 3681 victori
2232 3629 2297 3678 de
2333 3642 2423 3679 sue
2468 3627 2738 3680 interfecto

1684 3708 2028 3770 gratulantes.
2061 3707 2166 3756 Jos.
2188 3705 2319 3755 θεαὶ.

1749 3783 1961 3833 Heroum
1982 3784 2069 3848 do]
2103 3783 2245 3832 Plin.
2268 3780 2359 3832 lib.
2384 3794 2533 3831 xxti.
2556 3795 2671 3845 cap.
2695 3784 2734 3829 l.

1682 3862 1699 3888 ‘
1715 3860 1869 3926 Apud
1891 3860 2134 3925 antiquos
2156 3860 2353 3921 signum
2377 3857 2605 3907 victorin
2629 3862 2735 3906 erat

1681 3939 1950 4004 porrigere
1972 3936 2184 3986 herbam
2207 3935 2390 3997 victos,
2403 3924 2500 3984 boc
2519 3942 2619 4000 est,
2639 3942 2733 3984 ter-

1680 4030 1738 4064 ra
1762 4021 1816 4064 et
1841 4015 2023 4064 altrice
2047 4013 2161 4078 ipsa
2178 4012 2348 4067 humo,
2367 4019 2419 4060 et
2442 4010 2730 4062 humatione

1678 4092 1885 4154 cedere,
1913 4105 2061 4155 quem
2087 4103 2280 4141 morem
2302 4088 2460 4139 etiam
2485 4104 2621 4140 nunc
2643 4088 2729 4138 du-

1675 4183 1791 4218 rare
1816 4168 1869 4219 in
1892 4168 2172 4218 Germania
2194 4163 2340 4217 scio.'
2405 4165 2571 4216 Vides
2599 4166 2727 4215 hunc

1674 4260 1865 4297 morem
1890 4246 1943 4297 in
1967 4243 2250 4296 Germania
2273 4249 2432 4295 atate
2468 4242 2646 4302 Plinii,
2678 4249 2731 4292 et
