3020 4853
502 410 597 458 nn
643 409 1054 459 venenum
1101 406 1715 458 mammon-mua
1761 408 1908 461 mn.
1951 406 2098 458 x11.
2290 393 2418 460 499

323 577 481 623 esse
503 555 817 641 praesmtis
841 554 1147 642 temporis,
1178 565 1237 620 et
1257 577 1507 640 prorsus
1537 552 1820 621 alienum
1844 573 2115 622 numero
2143 555 2418 636 fuerunt,

326 660 495 746 quo'd
537 656 612 722 de
649 659 963 744 preterito
1022 669 1374 743 usurpatur,
1430 658 1554 723 sive
1597 678 1678 724 eo
1731 659 1958 724 ordine
2030 669 2418 743 usurparunt

329 760 576 847 antiqui
624 760 893 847 quadam
937 763 1384 828 consuetudine
1426 762 1766 848 loquendi,
1796 782 1919 846 qua
1967 760 2244 826 solebant
2266 783 2417 846 pro-

304 863 496 949 ferre
519 865 709 928 verba
737 864 1063 950 ejusmodi
1094 884 1114 945 ς
1147 866 1288 931 sive
1315 863 1624 948 certafine
1649 872 2055 928 extremarum
2083 862 2417 941 vocalium,

328 968 883 1052 quemadmodum
936 966 1178 1033 videtur
1242 968 1308 1033 in
1376 969 1503 1034 suis
1544 968 1788 1053 scriptis
1831 989 1992 1033 usus
2046 968 2419 1052 Pompeius

327 1072 585 1151 Sextus,
652 1068 822 1155 apud
868 1091 1041 1157 quem
1101 1070 1403 1155 reperitur
1468 1066 1744 1137 extrema
1813 1072 2075 1155 syllaba
2131 1068 2422 1136 vocativi

327 1194 499 1237 casus
509 1173 835 1258 producta,
855 1184 915 1238 et
936 1174 1200 1260 ejusdem
1227 1195 1432 1241 casus
1457 1176 1692 1242 eadem
1717 1185 2032 1260 correpta,
2058 1174 2420 1239 terminata-

329 1297 445 1362 que
474 1275 542 1341 in
571 1297 609 1342 e
650 1279 967 1363 temporis
998 1279 1370 1363 praesentiS.
1462 1276 1732 1342 Numero
1772 1286 1975 1342 autem
2004 1274 2222 1341 dixisse
2249 1276 2423 1343 anti-

327 1400 506 1464 quos
547 1382 817 1446 nimium
851 1381 1019 1467 quod
1060 1379 1432 1467 significare,
1481 1381 1573 1445 ait
1623 1380 1900 1447 Sinnius
1931 1378 2221 1466 Capito:
2270 1397 2422 1445 esse

326 1484 501 1547 euim
530 1484 626 1548 ita
650 1483 968 1549 locutum.

334 1631 349 1647 .
1053 1605 1167 1651 um
1195 1606 1320 1653 vos
1349 1588 1509 1652 estis
1531 1586 1821 1653 minime.

330 1685 476 1750 Nisi
501 1707 751 1753 numero
781 1690 1187 1773 perbiterint,
1225 1691 1361 1754 nisi
1386 1690 1544 1754 cito.
1632 1737 1650 1754 .

987 1790 1059 1866 id
1099 1802 1184 1857 est
1235 1792 1508 1858 nimium
1553 1794 1615 1858 si
1653 1795 1815 1872 isse,
1845 1793 1962 1878 qui
2011 1809 2275 1869 exeam,
2301 1810 2424 1855 nu-

325 1913 511 1959 mero
563 1895 726 1959 estis
760 1895 1021 1973 mortui,
1066 1897 1192 1961 hoc
1233 1897 1569 1982 exemplo,
1618 1904 1692 1962 ut
1743 1896 2123 1981 pingeretis,
2172 1893 2242 1958 id
2298 1900 2424 1970 est,

325 2017 445 2063 eur
471 1998 607 2062 cito
635 2000 876 2064 mortui
905 1999 1067 2063 estis
1088 2000 1124 2063 ‘l
1169 1999 1346 2064 Item
1375 1998 1444 2090 in
1477 1999 1716 2065 Nelei:
1759 1999 2123 2082 Nunquam
2145 2016 2423 2062 numero

324 2100 522 2165 matri
556 2100 884 2166 faciemus
911 2102 1118 2168 volui.
1205 2102 1400 2185 Idem
1417 2102 1446 2143 ⁶
1467 2107 1595 2181 est,
1627 2101 1998 2187 Nunquam
2025 2102 2302 2166 nimium
2322 2100 2425 2165 sa-

325 2203 600 2267 eiemus.
685 2200 894 2287 Apud
916 2203 1272 2270 Naevium:
1305 2204 1655 2271 Neminem
1681 2204 1843 2283 vidi,
1870 2204 1986 2288 qui
2008 2223 2277 2268 numero
2297 2203 2428 2268 sei-

324 2310 453 2383 ret,
485 2305 731 2389 quique
759 2305 911 2384 scit,
934 2307 1004 2371 id
1037 2316 1163 2385 est,
1194 2327 1401 2391 opus,
1431 2307 1503 2372 id
1534 2313 1662 2385 est,
1685 2308 1961 2371 nimium
2006 2306 2230 2371 sciret.
2317 2304 2427 2369 Au

324 2429 666 2493 panurgus
692 2408 1029 2477 Antonius
1059 2409 1207 2475 haee
1239 2411 1336 2475 ait
1384 2428 1654 2475 numero
1702 2408 1979 2473 nimium
2012 2408 2149 2474 cite
2177 2409 2208 2471 ’ἒ
2257 2407 2433 2472 cele·

329 2513 493 2576 riter
517 2513 827 2578 nimium:
872 2522 949 2577 ut
978 2512 1268 2578 Plautus
1299 2513 1370 2577 in
1401 2511 1741 2578 Casinat‘¹
1788 2511 1917 2575 Ere
1951 2510 2043 2576 mi
2066 2531 2089 2575 ι
2130 2510 2295 2596 quid
2328 2509 2431 2575 vis

325 2633 484 2679 mea
514 2615 805 2680 ancilla?
846 2617 1121 2681 nimium
1155 2617 1410 2701 saepius
1441 2636 1713 2680 numero
1754 2617 1926 2681 dicis
1966 2615 2236 2679 nimium
2268 2613 2431 2677 cito.

329 2717 566 2782 Attius
592 2719 664 2782 in
694 2718 1074 2785 OEnomao:
1122 2719 1266 2803 Ego
1297 2729 1380 2798 ut,
1401 2739 1624 2785 essem
1652 2719 1894 2785 adfinis
1934 2718 2080 2796 tibi,
2105 2736 2236 2780 non
2263 2719 2339 2780 ut
2366 2721 2431 2779 te

328 2820 800 2904 extinguerem,
855 2821 1073 2888 Tuam
1128 2824 1271 2907 peti
1328 2832 1622 2908 gnatam,
1680 2841 1951 2887 numero
1998 2826 2063 2886 te
2108 2824 2435 2904 expurgat

327 2923 556 2987 timor.
643 2923 961 2989 Afranius
1017 2927 1084 2990 in
1129 2925 1505 3011 Suspecta:
1551 2925 1684 2991 Per
1738 2924 2005 3002 falsum,
2065 2929 2135 2989 et
2193 2922 2317 2987 abs
2371 2926 2434 2984 te

328 3025 659 3090 creditum
702 3046 974 3093 numero
1018 3029 1238 3092 nimis.
1313 3027 1646 3096 Celeriter.
1726 3027 2041 3093 Caecilius
2091 3026 2159 3089 iu
2189 3023 2439 3088 AEthri-

331 3147 465 3191 one
493 3136 532 3189 ετ
577 3127 658 3192 Εἰ
706 3129 918 3213 perii:
976 3131 1135 3215 quid
1178 3133 1321 3198 ita‘!
1367 3151 1643 3197 numero
1694 3131 1899 3208 venit,
1930 3129 2092 3196 fuce
2137 3128 2435 3195 domum.

1169 3329 1527 3351 000000000000

303 3427 341 3472 6
377 3422 473 3472 Vir
493 3421 631 3474 doct.
654 3424 708 3474 iu
729 3439 889 3490 marg.
911 3425 996 3476 ed.
1019 3425 1155 3478 Scal.
1179 3428 1314 3493 conj.
1335 3431 1389 3480 id
1409 3436 1497 3482 ese.
1540 3430 1676 3480 Vide
1699 3426 1885 3483 Notas.

1237 3592 1452 3643 NOTAE

234 3698 461 3764 mortui,
489 3699 586 3750 boe
617 3702 859 3765 exemplo
891 3711 951 3752 ut
987 3704 1305 3768 pingeretis?
1385 3707 1505 3756 cilio
1529 3706 1576 3756 εἰ
1595 3720 1688 3768 pro
1706 3705 1801 3755 hei.
1865 3705 2143 3754 Postrema
2159 3697 2320 3748 verba
2344 3697 2438 3747 At-

236 3777 311 3827 In
353 3775 638 3840 impressis,
662 3776 797 3826 Hinc
840 3781 1099 3841 exeundum
1130 3786 1184 3830 nt
1199 3783 1305 3843 pin-
1387 3784 1444 3832 tii
1483 3785 1537 3833 in
1572 3784 1824 3833 OEnomao
1850 3780 1987 3843 apud
2023 3776 2245 3828 Nonium
2268 3774 2444 3837 legun·

233 3852 444 3916 geretis.
476 3852 825 3904 Quaerendum
851 3853 1008 3917 igitur
1029 3870 1131 3919 que
1153 3854 1305 3905 medo
1386 3867 1487 3909 tur.
1578 3859 1741 3923 Lege,
1791 3862 1923 3907 tunm
1963 3854 2081 3918 petii
2111 3857 2329 3917 gulam,
2360 3852 2441 3912 θ’θ’·

236 3931 338 3979 issa
355 3929 401 3978 ei
420 3928 594 3992 incoqui
610 3943 776 3978 exeam
809 3929 913 3980 rint
936 3932 1304 3983 convertenda.
1384 3931 1555 3985 Idem.

240 4006 380 4056 Duc.
1453 4017 1473 4043 ¹'
1504 4010 1729 4060 Coeciliue
1750 4011 1801 4061 in
1817 4008 2093 4073 AEthrione]
2125 4006 2442 4059 AEthrionem

315 4093 342 4126 *ι
379 4085 581 4135 Plautus
605 4085 660 4134 in
689 4084 885 4148 Casina]
917 4086 1083 4137 Locus
1099 4092 1181 4137 ert
1203 4085 1306 4138 aet.
1390 4086 1585 4138 caecini
1632 4086 1811 4138 laudat
1846 4088 2003 4137 etiam
2042 4084 2172 4136 infra
2215 4086 2269 4134 in
2317 4098 2447 4134 voce

240 4176 341 4213 ιιι.
368 4178 442 4213 ιο.
464 4169 518 4212 6.
552 4165 567 4191 ⁶
589 4163 691 4212 Ere
707 4163 804 4212 mi:
831 4162 953 4229 quid
970 4163 1070 4221 vis,
1088 4178 1203 4213 mea
1224 4179 1309 4214 an·
1387 4163 1685 4215 ‘sentinat’
1747 4163 1853 4214 Sed
1890 4165 1940 4213 in
1983 4176 2108 4226 rece
2140 4162 2157 4192 ‘
2181 4159 2307 4224 ora,'
2341 4159 2449 4210 Εε-

242 4240 412 4289 cilia?
481 4239 709 4289 Nimium
744 4241 914 4291 savio.
985 4241 1214 4291 Numero
1235 4242 1311 4291 di·
1392 4241 1669 4292 curionem.
1733 4240 1928 4291 Eadem
1952 4247 2126 4290 tamen
2147 4237 2353 4286 videtur
2372 4234 2447 4286 fa-

246 4316 365 4368 cis.⁸
432 4317 532 4368 Ere
555 4331 649 4382 pro
673 4318 797 4367 here.
843 4317 928 4369 Sie
953 4317 1087 4369 infra
1109 4334 1173 4370 ex
1197 4320 1310 4371 Cae·
1392 4320 1534 4382 bula,
1556 4333 1716 4384 quare
1742 4319 1931 4384 ubique
1956 4319 2035 4369 vel
2060 4315 2336 4366 AEeckrione
2375 4313 2447 4363 le·
