3020 4853
569 431 665 478 DE
717 428 1125 480 VERBORUM
1174 428 1794 480 smfflmoA‘rmNR
1844 434 1987 482 Lm.
2034 434 2167 484 XV.

2327 423 2458 487 709

307 596 312 601 ·
354 594 499 642 rum
531 579 910 643 senatorum
942 580 1208 642 centum
1233 582 1300 642 et
1328 577 1679 659 sexaginta
1700 582 1769 643 et
1791 588 2097 661 quatuor,
2117 587 2197 645 ut
2227 581 2454 664 exple·

353 682 452 744 ret
478 697 818 744 numerum
847 682 1231 745 senatorum
1261 684 1730 746 trecentorum:
1784 686 1854 747 et
1883 681 2019 747 duo
2061 702 2307 765 genera
2335 703 2453 768 ap-

265 838 266 847 ,
354 780 612 865 pellata
639 788 839 845 sunt.¹

270 880 583 983 Quippe’
632 883 1007 967 significare
1040 885 1204 969 quid
1259 887 1353 963 ni,
1403 885 1793 953 testimonio
1841 892 1948 953 est
1989 888 2245 953 Ennius
2286 888 2457 954 libro

361 993 498 1048 lv.⁸
602 985 879 1071 Quippe
939 989 1154 1052 solent
1210 1007 1399 1070 reges
1457 1008 1689 1054 omnes
1742 991 1813 1054 in
1867 990 2063 1055 rebus
2123 991 2457 1057 secundis.

352 1087 542 1153 Idem
592 1087 711 1155 lib.
758 1105 925 1156 xv1.

1010 1089 1286 1174 Quippe
1343 1096 1611 1157 vetusta
1666 1094 1886 1159 virum
1940 1113 2079 1158 non
2134 1100 2240 1158 est
2291 1093 2459 1159 satis

354 1191 542 1257 bella
569 1193 867 1258 moveri.³
959 1191 1072 1258 Ita
1103 1193 1219 1259 alii
1248 1194 1658 1277 complureS.

268 1292 546 1377 Quippe
575 1294 910 1376 significat
939 1294 1097 1380 quid
1124 1296 1216 1361 ni.

2187 1299 2382 1383 [Pau
2400 1314 2466 1362 r..

276 1393 566 1475 Quirina
594 1397 850 1464 tribus²
894 1417 937 1463 a
964 1397 1374 1466 Curensibus
1418 1400 1695 1468 Sabinis
1740 1402 2144 1488 appellatio·
2219 1401 2469 1485 [Fsssr.

353 1518 512 1563 nem
546 1500 808 1565 videtur
836 1501 1153 1566 traxisse.

267 1600 692 1681 Quirinalia·
735 1623 962 1670 mense
1012 1604 1380 1672 Februario
1422 1606 1598 1688 dies,
1642 1627 1777 1693 quo
1821 1605 2093 1687 Quirini
2139 1606 2311 1671 fiunt
2353 1624 2465 1671 sa-

1153 1760 1241 1788 ‘ee

325 1868 350 1915 1
392 1865 520 1916 Ead.
542 1866 625 1915 ed.
644 1869 900 1932 appellaret
922 1883 1038 1920 esse.
1041 1872 1138 1919 —2
1155 1869 1285 1920 Ead.
1310 1869 1393 1921 ed.
1424 1869 1542 1923 XL.
1592 1871 1689 1922 Vir
1722 1870 1900 1924 doet.
1887 1886 1939 1922 ιιι
1963 1885 2122 1937 marg·
2138 1871 2352 1937 conjicit
2370 1871 2469 1923 XI.

270 1934 370 1981 -8
403 1931 612 1982 Merula
632 1932 762 1997 legit
785 1948 984 1984 movere.

1255 2066 1471 2120 No‘rAE

324 2183 348 2217 5
387 2175 594 2240 Quippe]
627 2177 820 2228 Tamen
864 2180 917 2229 in
961 2179 1131 2231 verbis
1167 2181 1324 2233 Ennii

260 2250 378 2319 quoe
425 2253 612 2304 Festus
645 2255 711 2303 ad
754 2258 1046 2321 exemplum
1092 2257 1323 2321 adducit,

258 2333 431 2397 quippe
463 2347 566 2383 uon
600 2334 714 2397 qaid
756 2335 832 2398 ni,
864 2335 957 2386 sed
992 2336 1228 2401 φιωιὶωιι,
1264 2341 1324 2387 nt

259 2422 424 2474 saepe.
492 2410 676 2476 Neque
731 2425 954 2479 unquam
1009 2413 1175 2479 quippe
1230 2429 1325 2479 pro

261 2488 377 2550 qnid
388 2487 441 2536 ni
463 2489 719 2552 scriptum
744 2491 1001 2554 reperias:
1038 2491 1128 2541 sed
1152 2492 1325 2557 quippe

259 2562 331 2612 ni.
365 2561 533 2612 Idem.

320 2648 342 2673 ²
379 2641 590 2699 Quirina
603 2641 778 2706 tribus]
799 2643 960 2708 Cujus
986 2644 1219 2697 meminit
1241 2646 1327 2698 Ci-

258 2730 381 2766 cero
406 2733 500 2782 pro
525 2718 789 2771 Quinctio.
815 2720 969 2772 Idem.

321 2799 347 2825 ⁸
381 2793 678 2858 Quirinalia]
712 2795 1066 2848 Semicirculis
1112 2797 1326 2862 inclusa,

259 2875 384 2919 sunt
426 2868 478 2919 iu
517 2870 686 2920 veteri
727 2871 862 2923 libro
900 2874 1130 2938 repetita
1163 2889 1229 2925 ex
1261 2890 1325 2927 eo

256 2946 456 3010 capite,
477 2947 624 3011 cujus
648 2948 855 2999 initium
887 2958 968 3001 est
1000 2956 1014 2980 ⁸
1037 2952 1323 3005 Quirinalis

255 3022 458 3072 eollisz'
490 3039 607 3088 quae
638 3039 761 3075 vero
786 3025 852 3076 de
877 3026 1224 3080 fornacalibus
1247 3028 1323 3079 di·

257 3106 469 3164 cuntur,
493 3101 734 3152 videntur
752 3117 868 3153 esse
891 3106 1157 3156 mendosa.
1193 3107 1323 3157 Ovi·

253 3178 373 3231 dius
393 3179 472 3230 ait
492 3177 774 3230 fornacalia
795 3195 897 3231 non
922 3195 1035 3231 esse
1071 3189 1209 3233 stata
1243 3198 1322 3235 sa·

251 3272 365 3319 cra,
389 3254 484 3306 sed
506 3261 680 3305 tamen
715 3270 782 3306 eo
815 3256 901 3307 die
940 3259 1198 3310 curiarum
1234 3274 1323 3310 no·

253 3334 396 3383 mina
432 3332 485 3382 in
524 3330 639 3381 foro
677 3332 835 3383 certis
872 3333 1001 3384 loeis
1042 3337 1237 3400 notari,
1270 3336 1320 3386 in

252 3409 465 3475 quibus,
486 3423 602 3459 curn
624 3422 766 3472 sape
803 3409 966 3460 stulte
1000 3410 1209 3475 qnidam
1233 3427 1324 3463 no·

253 3486 398 3536 mina
418 3499 624 3535 suarum
648 3485 901 3535 curiarum
930 3486 1246 3551 ignorantes,
1269 3490 1321 3541 in

252 3564 442 3616 alienis
485 3563 636 3614 curiis
692 3577 843 3613 sacra
894 3562 1154 3630 facerent,
1202 3565 1322 3618 ideo

254 3641 535 3691 stultorum
566 3637 723 3690 ferias
759 3640 930 3691 dietas
960 3655 1092 3691 esse.
1155 3643 1321 3694 Varro

253 3719 349 3770 lib.
380 3733 434 3770 v-
469 3719 486 3747 ‘
510 3717 798 3769 Quirinalia
834 3734 867 3767 a
903 3717 1145 3779 Quirino,
1181 3719 1321 3783 quod

256 3794 305 3843 ei
330 3793 449 3844 Deo
472 3791 640 3858 feria,
655 3801 712 3844 et
733 3808 911 3844 eornm
935 3794 1216 3855 hominnm,
1234 3795 1320 3860 qui

254 3870 612 3921 fornacalibus
635 3871 740 3921 suis
761 3886 865 3921 uon
887 3869 1101 3921 fuerunt
1116 3868 1324 3922 feriati.’

257 3947 418 3998 Adde
457 3948 663 3999 Plutar.
707 3948 759 3997 iu
803 3949 1051 4014 problem-
1132 3949 1321 4000 Emen-

255 4024 487 4074 dandum
526 4025 685 4089 igitur
719 4026 820 4075 erit
852 4027 958 4076 sic:
992 4027 1325 4092 quodquidam

252 4117 448 4153 suornm
463 4102 786 4163 sementiam
803 4117 1045 4153 sacret-um
1066 4105 1248 4168 ignari,
1269 4121 1323 4154 eo

252 4180 554 4243 missionum
594 4178 673 4228 die
712 4193 813 4229 rem
861 4180 1074 4231 divinam
1108 4181 1320 4241 saciant.

256 4256 399 4306 Vide
432 4257 448 4284 ‘
470 4255 793 4308 Stultorum!
827 4257 948 4308 Ant.
972 4259 1106 4321 Aug.

328 4332 633 4395 Quirinalia]
666 4330 923 4383 Confusus
957 4349 1018 4383 ac
1046 4341 1321 4399 corruptus

1401 2184 1544 2233 locus
1582 2184 1655 2234 ita
1696 2198 1787 2234 suo
1825 2183 1992 2234 ordini
2037 2196 2098 2233 ae
2121 2179 2280 2231 nitori
2317 2180 2470 2231 resti-

1402 2264 1611 2307 tuetur=
1672 2259 1950 2316 Quirinalia
2003 2272 2157 2307 mense
2210 2256 2469 2306 Febr-uario

1402 2334 1521 2396 dies,
1563 2349 1656 2401 qao
1700 2335 1904 2391 Quartae·
1832 2335 1844 2346 '
1942 2332 2079 2399 firm
2129 2347 2293 2383 ma.-
2341 2334 2467 2383 iden·

1400 2412 1653 2461 umorum
1662 2410 1810 2473 ferioe
1828 2411 2109 2475 appellatur,
2122 2410 2244 2474 quod
2256 2407 2466 2473 quidam,

1400 2489 1483 2551 qui
1520 2503 1710 2539 suorum
1753 2486 2077 2548 sumentium
2119 2501 2256 2536 saera
2299 2484 2465 2537 Roma

1403 2565 1761 2630 ignmnme,
1794 2580 1848 2616 eo
1873 2563 2171 2628 potissimum
2205 2576 2307 2611 ren
2336 2561 2462 2611 dioi-

1403 2656 1516 2691 nm
1532 2641 1746 2702 sociant.
1811 2640 1978 2692 Addit
2004 2639 2184 2704 m,
2214 2639 2336 2704 quia
2358 2638 2461 2689 Cu·

1403 2719 1597 2769 riarum
1610 2719 1747 2772 festa
1755 2727 1920 2774 eraut,
1934 2726 1989 2769 et
2013 2733 2043 2769 a
2058 2717 2284 2769 Curione
2304 2716 2457 2767 Max·

1398 2797 1504 2847 imo
1528 2795 1909 2848 indicebantur.
1942 2796 2047 2846 Jos.
2072 2793 2199 2844 Scal-

1469 2873 1765 2941 Quirimlie]
1819 2873 1951 2926 Quae
1995 2869 2336 2922 semicireuiis
2378 2869 2456 2920 in-

1400 2951 1566 3012 clusa,
1590 2964 1654 3001 ea
1676 2950 1900 3015 repetita
1922 2955 2044 2999 sunt
2067 2962 2099 2998 e
2135 2947 2310 3011 capite
2335 2946 2460 3004 Qni-

1397 3026 1572 3077 riaalis
1601 3025 1776 3077 infra.
1761 3043 1775 3056 ·
1826 3033 1944 3091 post
1979 3024 2119 3090 quod
2158 3023 2299 3075 istud
2332 3039 2458 3075 con-

1399 3103 1585 3154 rinno
1573 3118 1623 3154 ιιι
1646 3104 1848 3154 schedis
1870 3101 2216 3168 sequebatur.
2253 3100 2460 3166 reliqna

1396 3179 1592 3232 foedata
1630 3187 1767 3231 sunt.
1848 3182 2015 3231 Locus
2054 3179 2213 3244 igitur
2251 3177 2461 3241 integer

1396 3258 1471 3308 ita
1493 3258 1847 3309 restituendus
1880 3272 1946 3308 ex
1966 3256 2161 3320 scalig.
2232 3255 2460 3312 Quirina·

1395 3334 1465 3385 lia
1487 3349 1642 3386 mense
1669 3334 1928 3386 Februario
1963 3332 2083 3392 dies,
2125 3345 2214 3396 quo
2254 3330 2461 3386 Quin-ino

1383 3411 1521 3476 flant
1540 3427 1692 3463 sacra.
1758 3412 1895 3462 Idem
1920 3411 2176 3459 stultorum
2192 3406 2343 3467 serioe
2375 3420 2460 3469 ap·

1393 3488 1651 3552 pellanmr,
1677 3491 1800 3552 quod
1820 3488 1899 3551 qui
1919 3487 2044 3534 diem
2076 3497 2266 3534 suorum
2283 3480 2461 3541 sorna-

1396 3564 1568 3614 calium
1587 3579 1828 3614 sacrorum
1848 3562 2204 3623 memmae,
2226 3571 2279 3605 eo
2307 3557 2460 3618 potis-

1396 3643 1564 3693 simum
1585 3655 1687 3690 rem
1705 3639 1919 3690 divinum
1935 3635 2148 3697 saciant.
2216 3632 2460 3686 Quirina-

1399 3716 1466 3766 lia
1491 3722 1641 3766 erant
1664 3719 1743 3766 13.
1776 3711 2041 3770 Kalendas
2079 3709 2330 3759 Martias:
2371 3721 2460 3756 eas·

1400 3792 1516 3843 dem
1541 3791 1818 3843 stultorum
1842 3787 1996 3839 festa.
2054 3783 2209 3835 Ovid.
2228 3796 2292 3834 u.
2315 3781 2460 3834 Fast-

1397 3871 1415 3900 ‘
1442 3869 1558 3922 Lux
1592 3882 1795 3935 quoque
1833 3880 1927 3917 cur
1958 3862 2141 3915 eadem
2181 3860 2460 3911 stultorum

1397 3947 1534 3999 festa
1558 3955 1778 3998 vocetur
1801 3945 2002 4009 Accipe
2023 3959 2040 4005 ;
2070 3955 2226 4007 parva
2246 3938 2457 4007 quidem

1400 4042 1577 4092 causa,
1624 4024 1719 4076 sed
1763 4030 1889 4090 apta
1943 4019 2158 4073 subest!
2245 4017 2457 4070 Deinde

1399 4119 1607 4156 cansam
1631 4103 1863 4168 exponit,
1887 4108 1943 4152 et
1967 4101 2020 4155 in
2041 4099 2142 4150 fine
2159 4115 2175 4148 τ
2215 4098 2232 4127 ‘
2255 4096 2456 4148 Stulta-

1400 4196 1501 4247 que
1544 4195 1662 4246 pars
1706 4178 1885 4245 populi
1923 4191 2037 4244 quae
2070 4176 2140 4227 sit
2179 4188 2274 4224 sna
2317 4171 2462 4223 curia

1400 4257 1588 4320 nescit,
1604 4256 1709 4308 Sed
1726 4256 1853 4306 facit
1870 4261 2107 4305 extrema
2122 4266 2271 4303 sacra
2290 4250 2458 4300 relata

1401 4332 1524 4385 die.’
1573 4334 1674 4385 Sed
1688 4330 1897 4398 juvabit
1921 4331 2090 4381 locum
2114 4329 2279 4394 ipsum
2299 4323 2461 4375 adire.
