3020 4853
562 390 656 438 ΠΒ
704 391 1115 441 VERBORUM
1162 392 1780 447 stomchTmNE
1835 399 1973 447 [AB.
2023 401 2132 449 111.

2305 388 2433 452 185

263 533 672 620 Contignum,
700 538 973 604 frustum
1006 540 1221 605 carnis
1252 561 1401 606 cum
1429 549 1683 628 septem
1715 545 1918 610 costis
1949 545 2309 630 demptum.

263 637 671 705 Contrarium
700 651 839 721 sess
870 662 1071 724 grave
1102 662 1223 708 aes.

262 739 807 809 Contubernales⁵
852 746 1163 810 dicuntur
1185 768 1225 810 a
1248 749 1557 829 tabernis,
1579 771 1732 835 quae
1756 750 2007 817 fiebant
2036 772 2124 817 ex
2151 754 2425 818 tabulis:

338 844 508 911 unde
555 853 621 911 et
660 848 1082 914 tabernacula
1127 848 1310 915 dicta
1353 861 1535 931 sunt,
1574 854 1733 919 licet
1767 873 1857 919 ex
1896 855 2192 920 tentoriis
2236 859 2304 919 et
2340 874 2427 919 ex

339 948 629 1031 pellibus
658 950 898 1015 fiant.²⁰

260 1050 779 1118 Contubernium
803 1055 823 1091 ‘
867 1054 1101 1120 dicitur
1124 1059 1691 1124 contubernalium
1721 1061 2066 1125 habitatio,

259 1152 564 1220 Contuoli
591 1164 656 1196 ¹¹³
702 1159 879 1224 oculi
930 1167 1082 1224 sunt
1124 1160 1189 1224 in
1233 1170 1587 1245 angustum
1637 1164 1857 1230 coacti
1916 1163 2421 1228 conniventibus

335 1259 694 1343 palpebris,

1160 1395 1306 1416 ‘0000

1312 1395 1518 1417 “000“

314 1496 377 1542 20
406 1493 528 1542 vid.
555 1495 680 1545 Not.
703 1494 895 1547 inst—l
930 1497 1034 1548 Alii
1063 1500 1277 1549 Concuh‘.
1345 1500 1480 1551 Scal.
1503 1499 1778 1566 legendum
1803 1508 1975 1550 monet
2004 1501 2235 1549 Coniroli.

1228 1667 1277 1716 N
1287 1665 1445 1717 0⁹1·AE

254 1755 329 1802 vel
368 1754 417 1804 in
450 1756 574 1821 jure
612 1758 746 1822 apud
787 1760 1094 1826 Praetorem,
1126 1763 1206 1813 vel
1244 1764 1296 1813 in

242 1831 437 1893 judicio
468 1833 606 1898 apud
633 1835 895 1900 pedarium
923 1839 1152 1903 jndicem
1176 1854 1295 1891 con·

253 1910 555 1974 tendebant,
642 1914 980 1976 praesentibus
1059 1916 1297 1980 testibuS,

252 2000 373 2049 quos
397 1995 617 2052 uterque
641 1989 718 2038 sui
741 1988 867 2040 facti
904 2007 1150 2043 memores
1187 2008 1298 2044 esse

245 2061 460 2125 jubebat
483 2066 581 2114 bac
602 2064 845 2116 formula:
881 2069 897 2097 4
921 2076 1080 2119 testes
1100 2072 1299 2121 estote!

251 2137 375 2187 Inde
396 2141 412 2168 ‘
433 2143 716 2191 contestari
743 2143 885 2193 litem
901 2143 916 2164 ’
937 2154 992 2196 et
1017 2142 1155 2196 “litis
1178 2161 1299 2196 con-

252 2216 482 2266 testatio’
508 2216 613 2267 dici
634 2226 806 2282 coepta
823 2230 959 2279 sunt,
981 2236 1077 2287 qua
1098 2222 1298 2273 scilicet

250 2292 352 2343 litis
398 2297 783 2346 contestatione
842 2306 1058 2365 uterque
1103 2314 1158 2349 se
1219 2300 1297 2351 liti

252 2373 623 2438 persequendae
653 2372 1009 2441 obstr-ingebat
1041 2379 1177 2443 apud
1209 2377 1298 2441 ju-

249 2448 411 2501 dicem
447 2467 477 2502 a
503 2454 738 2504 Praetore
761 2455 1005 2523 dandum,
1045 2465 1100 2507 et
1135 2472 1200 2507 ex
1235 2472 1299 2508 ea

247 2524 457 2580 formula
488 2545 645 2596 quam
680 2532 848 2600 daret,
880 2534 954 2584 ita
980 2541 1036 2584 ut
1060 2550 1089 2583 a
1110 2542 1298 2584 neutro

248 2604 422 2657 liceret
466 2608 615 2657 salva
657 2609 750 2658 lite
793 2609 1081 2661 discedere.
1148 2609 1298 2661 Unde

248 2681 415 2734 Gloss.
450 2686 466 2714 4
488 2685 611 2735 lites
631 2692 956 2751 contestatae,
975 2688 1024 2736 αἱ
1045 2685 1197 2750 ἀρχὴν
1213 2696 1302 2737 λα-

249 2760 411 2813 θοῦσαι
432 2763 484 2811 ἐν
504 2762 785 2826 δικαστηρίῳ
817 2763 936 2814 δίκαι
964 2766 1012 2828 ἐξ
1032 2765 1298 2816 «lm-madeo-

247 2837 439 2903 rbwrss
464 2841 648 2891 “Lites
667 2847 781 2907 qnae
801 2843 999 2893 initium
1017 2846 1229 2909 capiunt
1242 2844 1297 2893 in

241 2913 433 2977 judicio
483 2920 555 2968 ex
605 2921 1040 2970 contestantibus!
1115 2922 1299 2971 Cicero

248 3005 334 3055 pro
358 2996 583 3046 Roscio:
617 2999 633 3025 4
656 2999 740 3063 qui
780 3013 874 3063 per
911 3014 966 3049 se
1003 3000 1142 3049 litem
1178 3014 1298 3049 con·

250 3076 484 3136 testatur,
521 3072 615 3123 sibi
648 3075 741 3125 soli
775 3076 924 3139 petit,
963 3075 1114 3126 alteri
1147 3075 1297 3126 nemo

250 3155 436 3212 potest,
500 3149 599 3199 nisi
652 3153 889 3216 cognitor
956 3160 1036 3203 est
1090 3150 1298 3203 factus-¹

252 3221 401 3276 Nunc
441 3226 493 3276 in
531 3226 656 3277 foris
689 3227 973 3279 Gallicanis
1009 3231 1024 3258 4
1051 3227 1154 3279 litis
1178 3244 1298 3279 con-

251 3303 491 3353 testatio’
524 3319 625 3354 non
662 3313 833 3370 potest
877 3313 1117 3358 constare
1161 3313 1299 3356 acto·

252 3378 318 3428 ris
371 3381 676 3444 intentione,
728 3387 784 3432 et
847 3384 920 3432 rei
982 3383 1299 3433 inficiatione

250 3456 369 3521 sola,
428 3459 525 3509 nisi
584 3457 924 3511 intervenerit
969 3460 1163 3526 judicis
1215 3473 1298 3510 su-

253 3543 343 3594 per
385 3547 446 3583 ea
494 3548 553 3584 re
596 3534 861 3586 decretum
924 3535 1133 3602 aliquod
1189 3535 1299 3585 litis

251 3611 613 3660 contestationi
668 3611 1032 3674 absolvendae3
1078 3613 1127 3661 in
1172 3607 1297 3662 fo'ris

253 3684 381 3734 enlm
414 3687 632 3737 dicitur:
686 3688 731 3737 11
767 3706 798 3753 y
830 3705 860 3738 a
901 3689 1205 3739 contestation
1241 3691 1299 3740 de

252 3771 383 3810 cause
401 3764 559 3826 quand
579 3763 622 3811 le
642 3762 765 3824 juge
797 3781 827 3814 a
848 3765 999 3816 ἀοκπέ
1024 3781 1110 3815 son
1140 3765 1300 3830 apoin-

254 3843 418 3889 tement
441 3843 470 3888 ὰ
493 3839 643 3889 &crire
664 3846 711 3890 et
732 3843 762 3888 ᾶ
782 3842 1018 3904 produit-e.
1055 3842 1189 3892 Dae.

312 3921 335 3947 ¹
367 3916 671 3965 Contrarium
704 3915 793 3979 ωε]
826 3915 999 3966 Grave
1034 3933 1122 3980 aes,
1152 3917 1298 3982 cnjus

251 3988 427 4054 singuli
473 4005 614 4040 asses
659 3992 831 4055 pondo
875 3992 1078 4044 libram.
1124 3993 1298 4044 ‚vide

252 4070 269 4095 ‘
287 4067 477 4128 ἔτεινε)
528 4069 832 4117 Contrarium
850 4077 1017 4121 autem
1039 4072 1173 4136 quod
1196 4085 1298 4121 non

255 4149 534 4205 numerato,
555 4145 646 4193 sed
670 4157 896 4207 appenso
930 4146 1105 4197 debita
1127 4147 1301 4197 exolvi

257 4221 310 4263 et
351 4217 449 4266 alia
502 4233 841 4282 quaecumque
890 4222 991 4271 emi
1045 4222 1300 4274 solebant.

256 4289 339 4343 Sic
359 4293 556 4346 dictum
577 4309 609 4345 a
627 4299 792 4345 eontra
813 4298 946 4362 quod
969 4312 1033 4349 eo
1065 4298 1127 4350 ad
1167 4313 1298 4363 prae·

1379 1762 1765 1828 ponderandum
1788 1769 2076 1812 uterentur.
2133 1762 2268 1810 Nam
2292 1760 2427 1826 qnod

1378 1839 1835 1904 praeponderabat,
1859 1839 1909 1888 id
1934 1846 1949 1867 ‘
1971 1845 2153 1888 contra
2170 1837 2316 1903 esse,'
2333 1838 2428 1887 boe

1380 1923 1479 1978 est,
1515 1915 1818 1980 ἆντιῤῥέπειν,
1861 1925 1915 1966 et
1949 1916 2292 1965 ‘contrarium
2329 1914 2433 1975 ηεξ

1379 1992 1670 2056 &nisiben-ov.
1763 1991 1894 2041 Inde
1950 1992 2234 2055 saepissime
2289 1990 2425 2055 apud

1380 2071 1625 2122 Plautum
1650 2071 1898 2127 invenias,
1929 2073 1944 2098 4
1970 2085 2095 2119 auro
2116 2070 2323 2120 contra’
2349 2071 2431 2118 vel

1380 2150 1395 2177 ‘
1422 2156 1602 2198 contra
1644 2162 1819 2196 aurum
1843 2145 2070 2195 'emere.’
2157 2150 2173 2174 ⁴
2209 2146 2431 2195 Talento

1379 2232 1559 2275 contra
1584 2238 1733 2274 carus
1755 2237 1854 2273 non
1879 2229 1960 2272 est
1980 2222 2013 2271 :’
2045 2221 2140 2270 boc
2167 2228 2266 2282 est,
2307 2234 2434 2270 auro

1344 2345 1348 2349 4
1379 2302 1834 2367 praeponderante,
1859 2298 2134 2349 contrario.
2165 2296 2315 2346 Idem.

1441 2386 1461 2412 ⁸
1498 2376 1884 2440 Contubemoles]
1937 2364 2112 2424 Laudo
2169 2373 2432 2437 conjectu·

1376 2469 1485 2504 ram
1510 2453 1778 2503 doctorum
1802 2454 2057 2502 homiuum
2080 2466 2093 2499 :
2119 2450 2254 2500 Licet
2271 2456 2315 2499 et
2337 2455 2433 2499 ten·

1377 2531 1499 2580 toria
1522 2545 1582 2579 ex
1598 2529 1798 2593 pellibus
1814 2528 1962 2597 flant.
2016 2529 2125 2591 Ego
2151 2534 2318 2575 tamen
2345 2539 2433 2574 ve-

1378 2606 1484 2656 rius
1509 2605 1815 2655 crediderim
1836 2619 1850 2652 =
1893 2605 2030 2653 Unde
2049 2609 2095 2669 et
2117 2602 2434 2651 Tuber-nacula

1376 2684 1506 2733 dicto
1527 2689 1654 2748 sant,
1677 2683 1785 2732 licet
1807 2681 2035 2731 extentis
2064 2680 2260 2743 pellibus
2280 2679 2433 2744 fiunt.

1380 2760 1549 2822 Licet,
1575 2759 1756 2824 inquit,
1781 2772 1881 2807 non
1917 2772 1982 2807 ex
2018 2756 2224 2818 tabulis,
2247 2755 2337 2804 sed
2366 2770 2434 2804 ex

1380 2839 1602 2905 pellibus
1643 2838 1788 2889 fiant.
1857 2837 2119 2887 Lucilius:
2165 2838 2181 2864 ‘
2210 2835 2310 2884 Hic
2344 2833 2436 2883 ubi

1378 2925 1692 2979 consessum,
1737 2914 2001 2979 pellesque
2049 2920 2109 2962 ut
2156 2909 2208 2960 in
2249 2909 2433 2960 ordine

1378 2991 1583 3043 tentoez'
1619 2998 1674 3041 et
1717 2990 1851 3055 apud
1898 2991 2177 3051 Caesarem,
2211 2988 2227 3016 4
2250 2987 2432 3037 deten-

1376 3071 1502 3121 dcre
1528 3067 1787 3119 tentoria.'
1822 3059 1927 3115 δοες
1950 3066 2078 3115 Scal-
2107 3069 2112 3076 '
2166 3059 2172 3064 ’
2423 3073 2428 3078 ’

1386 3131 1409 3170 ”·
1447 3141 1834 3208 contubernales]
1853 3141 1988 3191 Vide
2006 3143 2021 3168 ‘
2039 3139 2388 3191 adtuberualis
2403 3137 2439 3188 ι’

1378 3223 1775 3284 contubernales
1794 3220 1879 3286 qui
1903 3218 2082 3269 iisdem
2102 3216 2329 3267 tabernis
2349 3217 2437 3265 ha·

1378 3300 1566 3364 bitant,
1588 3307 1645 3349 et
1668 3298 1763 3347 sub
1799 3296 1980 3346 eodem
2015 3294 2145 3345 duce
2184 3301 2433 3358 pugnant.

1380 3375 1448 3427 Et
1473 3376 1546 3425 sic
1569 3373 1776 3439 proprie
1801 3372 2110 3422 dicebantur
2141 3373 2321 3420 decem
2344 3363 2434 3419 mii

1378 3454 1514 3514 lites,
1537 3452 1624 3517 qui
1644 3449 1741 3501 sub
1756 3464 1854 3499 uno
1871 3447 2131 3513 papilione
2152 3446 2436 3511 degebant,

1378 3529 1563 3597 quibus
1579 3529 1804 3578 decanus
1822 3532 2127 3590 praeerat,et
2143 3531 2299 3588 caput
2313 3537 2437 3573 con·

1379 3605 1604 3656 tubernii
1638 3603 1920 3653 dicebatur.
1986 3600 2130 3650 Infra
2164 3600 2435 3663 legendum

1378 3689 1475 3744 est,
1510 3682 1648 3731 Licet
1667 3683 1714 3730 et
1736 3677 1943 3728 tentorio
1963 3691 2025 3725 ex
2061 3675 2265 3740 pellibus
2281 3675 2434 3740 flant.

1380 3759 1477 3807 vei
1501 3764 1561 3805 m
1603 3743 1853 3818 Scaliger,
1886 3754 1995 3801 ticet
2029 3765 2091 3800 ex
2127 3751 2269 3800 team
2298 3748 2436 3812 pem-

1378 3836 1464 3886 bns
1480 3834 1630 3900 flant.
1681 3833 1755 3881 Ut
1778 3829 1916 3894 apud
1936 3828 2221 3877 Lucilium:
2245 3829 2260 3855 4
2281 3827 2436 3877 Nunc

1379 3913 1468 3965 ubi
1508 3923 1819 3969 consessum,
1860 3906 2124 3970 pellesque
2164 3911 2222 3955 ut
2255 3905 2307 3953 in
2349 3917 2432 3954 or-

1378 3990 1500 4041 dine
1536 3985 1733 4037 tentoe.’
1770 3985 1899 4033 Dae.

1441 4068 1459 4099 ²
1493 4061 1886 4126 contuberniam]
1915 4059 2121 4108 Sueton.
2163 4058 2216 4108 in
2258 4056 2431 4109 sulio:

1380 4146 1397 4174 4
1421 4139 1692 4205 Stipendia
1716 4138 1880 4204 prima
1913 4136 1964 4184 in
2003 4135 2182 4186 Africa
2223 4134 2350 4184 fecit
2380 4136 2437 4184 in

1378 4216 1592 4273 Thermi
1613 4213 1851 4278 praetoris
1882 4211 2256 4263 contubernio!
2278 4212 2430 4259 Idem.

1443 4305 1466 4331 ⁰
1506 4290 1748 4353 conradi]
1780 4290 1899 4341 Non
1933 4295 2013 4340 est
2047 4289 2275 4353 dubium,
2307 4288 2434 4353 quin
