3020 4853
534 380 665 446 112
1232 398 1456 448 813th
1508 401 1816 452 runnu
1870 402 2075 453 rss⁰r1

532 541 845 621 Bellula,⁸
872 543 1054 627 apud
1075 543 1411 624 Plautum,
1432 546 1911 614 deminutivum
1929 549 2315 616 adverbium
2332 559 2439 616 est
2460 570 2501 616 a
2523 553 2715 629 bene,

615 645 803 729 quod
832 646 993 712 facit
1021 646 1216 726 belle,
1247 655 1318 712 et
1344 648 1619 715 bellule.

527 749 793 816 Bellum
818 747 843 786 '²
884 769 928 815 a
967 750 1208 815 belluis
1251 751 1526 817 dicitur:
1587 752 1753 837 quia
1786 754 2167 821 belluarum
2197 756 2290 821 sit
2329 755 2713 841 perniciosa

617 851 976 918 dissensio.

527 955 877 1031 Bellutus‚⁶
908 956 1144 1022 bestiae
1176 957 1436 1023 similis.

518 1058 947 1124 Beneficiarii
974 1055 1002 1096 ‘¹
1031 1058 1421 1126 dicebantur
1446 1063 1719 1143 milites,
1750 1064 1867 1148 qui
1895 1065 2231 1130 vacabant
2259 1067 2553 1131 muneris
2582 1067 2701 1131 be-

582 1159 889 1226 neficio:
933 1180 971 1226 e
1000 1163 1331 1227 contrario
1359 1164 1712 1232 munifices·
1724 1168 2163 1246 vocabantur,
2195 1169 2311 1253 qui
2340 1189 2470 1234 non
2502 1188 2706 1235 vaca-

603 1264 807 1344 bant;
854 1264 975 1330 sed
1005 1285 1244 1332 munus
1266 1266 1658 1350 reipublicoe
1688 1269 2044 1336 faciebant.

522 1365 976 1433 Beneventum
1000 1375 1023 1404 ⁹
1069 1367 1328 1433 colonia
1358 1388 1510 1436 cum
1545 1370 2004 1452 deduceretur,
2045 1372 2373 1457 appellari
2406 1384 2703 1460 coeptum

1499 1581 1711 1633 No‘rAE

512 1690 791 1753 repetisset
811 1699 958 1755 pater
975 1701 1225 1758 patratus.
1283 1695 1300 1723 ⁶
1324 1696 1425 1746 Sed
1452 1711 1568 1747 cnm

511 1765 703 1831 Pyrrhi
718 1770 1035 1833 temporibus
1053 1771 1300 1822 adversus
1317 1780 1570 1824 transma-

512 1842 680 1894 rinum
704 1844 899 1896 bostem
926 1847 1113 1898 bellum
1134 1849 1352 1900 Romani
1371 1852 1570 1913 gesturi

509 1930 706 1983 esseut,
757 1937 853 1974 nec
904 1924 1195 1975 invenirent
1239 1927 1433 1987 locum,
1478 1928 1568 1979 nbi

504 1998 644 2048 lianc
665 2000 1044 2051 solemnit-tem
1065 2016 1161 2066 per
1183 2002 1416 2053 Fecisles
1438 2003 1569 2053 indi·

498 2073 661 2124 cendi
681 2076 800 2126 belli
817 2077 1164 2135 celebrarent.
1178 2079 1433 2130 dederunt
1446 2094 1569 2145 ope·

506 2165 640 2213 ram,
661 2162 721 2204 ut
742 2168 873 2205 unns
896 2155 961 2205 de
996 2155 1180 2222 Pyrrhi
1204 2157 1451 2207 militibus
1481 2173 1568 2209 cs·

504 2236 740 2293 peretur,
763 2246 913 2296 quem
931 2231 1167 2284 fecerant
1196 2234 1249 2284 iu
1272 2234 1427 2285 Circo
1449 2236 1563 2285 Fla·-

496 2304 660 2355 minio
683 2306 851 2358 locum
889 2321 1099 2373 capere,
1126 2316 1186 2360 ut
1207 2310 1353 2374 qussi
1373 2310 1424 2359 in
1446 2310 1563 2361 hos-

495 2382 579 2433 ·tili
604 2382 715 2436 loco
731 2384 823 2450 jus
843 2383 963 2437 belli
982 2386 1243 2438 indicendi
1269 2388 1564 2453 implerent.

500 2459 742 2525 Denique
768 2464 822 2512 in
845 2476 909 2513 eo
935 2464 1052 2514 loco
1083 2472 1204 2516 ante
1227 2464 1407 2516 AEdem
1441 2465 1563 2516 Bel-

497 2535 633 2586 lonae
651 2548 960 2590 consecrata
980 2549 1061 2591 est
1083 2542 1334 2591 columns.
1390 2541 1563 2591 Varro

499 2611 553 2660 in
575 2613 770 2664 Caleno
788 2615 861 2666 its
873 2616 949 2665 ait
964 2632 980 2664 ι
1016 2616 1191 2667 Duces
1203 2631 1322 2667 cum
1343 2616 1561 2681 primum

500 2687 742 2739 hostilem
797 2705 976 2754 agrum
1033 2693 1328 2755 introirent,
1376 2692 1561 2743 ominis

497 2775 651 2816 causa
691 2769 836 2831 prius
874 2769 1074 2819 hastam
1120 2770 1172 2818 in
1216 2785 1333 2819 enm
1378 2785 1559 2833 agrum

497 2842 799 2907 mittebant,
812 2851 870 2894 ut
888 2845 1072 2895 castris
1089 2845 1259 2895 locum
1275 2845 1563 2910 caperent!

497 2919 652 2969 Unde
673 2919 918 2970 discimus
938 2935 1042 2971 uon
1067 2921 1119 2969 in
1141 2920 1382 2970 omnibus
1412 2921 1558 2971 bellis

496 2994 693 3047 hastam
712 3012 868 3062 super
893 3013 1006 3048 eam
1045 2997 1335 3048 columnam
1360 2999 1557 3062 jecisse

495 3072 778 3135 Romanos,
820 3073 911 3123 sed
959 3080 1162 3124 tantum
1214 3089 1329 3125 cum
1372 3076 1559 3125 deerat

496 3162 619 3197 vere
640 3148 845 3200 hostilis
866 3151 1024 3200 locus.
1079 3149 1254 3216 Atque
1277 3150 1411 3202 bunc
1447 3167 1555 3202 mo·

495 3238 604 3274 rem
627 3227 807 3290 procul
828 3225 988 3276 dubio
1009 3228 1156 3279 nobis
1178 3229 1410 3293 apertius
1431 3230 1554 3279 Fes-

497 3307 582 3351 tus
604 3303 976 3367 explicsverat,
1008 3304 1105 3355 nisi
1143 3306 1307 3356 verba
1326 3307 1440 3370 ejus
1461 3320 1554 3356 uo·

492 3376 578 3426 bis
637 3379 906 3429 mutilatur
964 3380 1211 3432 barbarus
1267 3382 1555 3433 invidisset.

494 3452 661 3504 Porro
705 3454 839 3507 Pub.
884 3458 1069 3509 victor
1107 3460 1159 3510 in
1204 3458 1554 3523 descriptione

491 3530 658 3595 urbis,
680 3532 732 3581 in
759 3534 968 3598 regione
1000 3540 1049 3587 9.
1097 3538 1114 3565 ⁸
1136 3535 1290 3586 AEdes
1321 3535 1552 3586 Bellonae

493 3620 675 3658 versus
713 3618 914 3674 portam
956 3613 1360 3664 Carmentalem.
1415 3611 1552 3663 Ante

489 3682 625 3734 hanc
648 3686 812 3737 aedem
837 3689 1071 3740 columna
1089 3689 1247 3738 index
1271 3688 1390 3739 belli
1417 3688 1550 3739 infe-

491 3760 678 3809 rendi.'
708 3762 860 3813 luem.

556 3843 582 3871 ⁸
616 3838 826 3903 Belitae]
863 3837 909 3889 Α
942 3839 1096 3905 bene,
1138 3840 1348 3904 benule,
1397 3841 1550 3906 belle,

488 3911 701 3964 bellule.
735 3916 888 3969 Idem.
1456 3945 1459 3946 ⁷

554 3986 579 4020 ὓ
610 3989 825 4055 Belem]
859 3989 908 4040 A
946 3990 1150 4054 belluis,
1182 4001 1241 4044 ut
1275 3996 1387 4045 vult
1424 3994 1548 4044 Fes-

488 4067 595 4114 tus.
622 4065 726 4114 Sed
751 4066 936 4116 bellum
962 4069 1136 4131 potius
1153 4084 1181 4118 a
1207 4070 1356 4122 bello.
1393 4072 1547 4121 Prius

487 4136 763 4189 dicebatur
779 4141 1000 4197 dueum,
1023 4142 1142 4192 inde
1164 4144 1350 4196 bellun.
1383 4147 1547 4199 Quin·

486 4212 652 4261 tilian.
684 4213 775 4263 lib.
799 4227 839 4264 ι.
860 4229 978 4278 cap.
999 4222 1051 4266 ⁶.
1100 4218 1115 4245 ‘
1140 4219 1243 4267 Sed
1270 4221 1320 4270 B
1342 4234 1550 4286 quoque

486 4286 732 4340 inlocum
755 4289 971 4341 aliarum
999 4291 1235 4345 dedimus
1253 4297 1549 4364 aliquando,

1650 1698 1786 1750 unde
1816 1699 2042 1750 Bur-rhus
2073 1704 2129 1749 et
2167 1698 2359 1760 Bruges
2394 1703 2454 1747 et
2486 1696 2707 1746 Bam«.

1650 1775 1767 1827 Nec
1784 1790 1885 1827 non
1900 1775 2082 1826 eadem
2100 1774 2229 1826 feeit
2244 1789 2310 1823 ex
2325 1773 2504 1829 neue,
2519 1772 2707 1822 bellum

1647 1852 1802 1904 Unde
1822 1854 2038 1904 Duellio·
2075 1852 2282 1918 qnidam
2316 1850 2498 1901 dicere
2522 1850 2704 1899 Bellias

1646 1928 1798 1980 susi-⁹
1828 1931 1977 1980 Idem.

1711 2011 1735 2040 ⁸
1765 2004 2008 2069 Bellum]
2042 2003 2222 2054 Malim
2243 2003 2490 2064 bell-du,
2512 2008 2572 2051 ut
2594 2000 2704 2051 bel·

1644 2082 1789 2132 lustu
1812 2082 2033 2146 tapetis,
2060 2094 2178 2145 qnae
2216 2078 2415 2129 belluas
2438 2075 2701 2137 referunt3

1645 2159 1737 2209 sed
1761 2160 2031 2222 legendnm
2050 2157 2245 2207 Minus.
2278 2155 2478 2206 Glossae
2497 2153 2702 2203 Isidori:

1644 2239 1659 2267 ‘
1686 2237 1904 2297 belinus,
1924 2235 2148 2286 moribus
2165 2230 2486 2284 belluarum!
2520 2231 2669 2280 Idem.

1699 2312 1731 2348 ⁴¹
1763 2312 2099 2380 Beneficio-ii]
2149 2309 2467 2360 Emendabst
2510 2307 2702 2357 Salma-

1643 2389 1767 2454 sius,
1800 2390 1884 2454 qui
1917 2387 2185 2440 muneribus
2219 2385 2440 2438 cumbunt
2464 2383 2702 2450 beneflcio.

1640 2467 1746 2519 Sed
1787 2468 1909 2532 quis
1942 2481 2038 2530 per
2075 2463 2380 2515 beneficium
2421 2461 2699 2525 imperato·

1642 2558 1754 2593 rum
1779 2542 2034 2593 vacabant
2070 2538 2391 2599 muneribus,
2428 2537 2697 2602 legendum

1641 2628 1722 2669 est
1758 2619 1948 2683 potins,
1982 2617 2063 2682 qui
2094 2615 2324 2665 vocabunt
2359 2628 2548 2663 numm
2566 2613 2699 2662 ducis

1635 2695 1876 2761 beneflcio.
1921 2694 2019 2744 Ins
2038 2707 2232 2742 mne
2250 2691 2402 2752 ducis,
2420 2689 2698 2740 obliterata

1640 2771 1836 2838 syllaba
1850 2773 1934 2833 du,
1948 2769 2234 2830 Memmia,
2256 2768 2306 2815 in
2329 2766 2535 2815 muneris
2557 2771 2697 2829 post-

1637 2864 1703 2900 ea
1719 2856 1983 2911 corrupta.
2034 2843 2360 2896 Beneficisrii
2380 2842 2554 2898 iidem,
2576 2843 2695 2892 inde

1638 2934 1692 2975 et
1715 2926 1963 2974 immunes
1980 2922 2123 2972 dicti.
2161 2922 2234 2970 Ut
2256 2927 2440 2970 eontra
2456 2919 2698 2986 munifices

1634 3000 1725 3067 qui
1746 3014 1927 3050 munus
1950 2998 2181 3056 obibant,
2204 3004 2264 3047 ut
2291 2996 2473 3052 fossas,
2505 2997 2693 3046 nilum

1635 3082 1919 3139 struerent,
1942 3074 2189 3125 excubias
2225 3079 2279 3123 et
2303 3075 2551 3123 stationes
2586 3073 2693 3123 obi-

1641 3160 1778 3216 rent,
1798 3153 2001 3217 aliaqne
2024 3151 2077 3200 id
2101 3165 2279 3214 genus.
2314 3150 2468 3199 Idem.

1698 3236 1723 3263 θ
1752 3226 2100 3291 Beneventum]
2144 3225 2278 3276 Vide
2307 3225 2545 3289 Segesta.
2582 3226 2692 3276 LiV.

1635 3305 1725 3356 lib.
1740 3318 1825 3355 ιι.
1862 3304 1995 3354 Plin.
2019 3303 2107 3353 lib.
2132 3315 2218 3352 ¹113
2237 3316 2351 3366 esp.
2389 3307 2468 3352 11.
2512 3303 2693 3366 Stepb.

1633 3383 1702 3433 de
1725 3381 1973 3433 Urbibus.
2009 3381 2129 3432 Ant.
2152 3380 2284 3443 Aug.

1698 3456 2043 3521 Beneventum]
2061 3457 2317 3508 Omnibus
2336 3462 2459 3508 uota
2479 3463 2560 3507 est
2572 3471 2690 3507 cau·

1632 3549 1689 3584 ss
1728 3534 1942 3584 nominis
1984 3534 2035 3583 in
2076 3534 2381 3584 Benevento
2425 3533 2687 3583 mutandi:

1630 3626 1783 3661 nemo
1815 3618 1989 3661 tamen
2022 3624 2144 3660 vere
2179 3609 2439 3675 antiquam
2463 3609 2689 3673 appellsa

1631 3688 1821 3736 tionem
1854 3684 2122 3736 treddidit.
2187 3685 2321 3735 Nam
2353 3684 2419 3734 de
2453 3683 2688 3735 Msloetio

1628 3777 1801 3826 nugas.
1848 3760 1952 3812 Sed
1976 3761 2198 3811 Veteres
2235 3762 2379 3827 prins
2401 3762 2511 3814 sine
2532 3760 2688 3811 dubio

1629 3837 1876 3888 dixerunt
1912 3834 2186 3901 Muluio-ru,
2223 3844 2280 3888 ut
2312 3836 2569 3901 Σιπόεηα,
2611 3837 2687 3886 Si-

1627 3921 1863 3980 puntum,
1894 3912 2146 3977 'omitum-u,
2163 3914 2452 3979 Opuntum.
2504 3914 2593 3965 Sic
2608 3927 2686 3963 er·

1629 4005 1696 4056 go
1717 3990 2001 4049 Maloeam,
2025 3991 2337 4053 Maluntum,
2373 3997 2427 4040 et
2449 3991 2689 4040 Maluen-

1628 4075 1758 4125 tum,
1798 4075 1856 4117 ut
1877 4065 2177 4117 Auruncum
2225 4073 2282 4117 et
2307 4065 2686 4117 Averruncum.

1630 4143 1783 4193 Prius
1804 4141 2054 4208 siquidem
2078 4140 2341 4199 dixerunt,
2358 4141 2685 4206 Sipuentum.

1627 4220 1951 4284 Opuentum‚
1986 4218 2332 4269 Maluentum.
2377 4217 2465 4268 Sic
2479 4215 2682 4282 Ὑδρέη-

1619 4312 1709 4361 ιηι,
1732 4294 2064 4362 Hydruntum
2082 4309 2098 4344 ε
2122 4307 2415 4361 qumquam
2437 4299 2494 4345 et
2515 4293 2680 4359 ipsum
