<?xml version="1.0" encoding="UTF-8"?>
<!DOCTYPE html PUBLIC "-//W3C//DTD XHTML 1.0 Transitional//EN"
    "http://www.w3.org/TR/xhtml1/DTD/xhtml1-transitional.dtd">
<html xmlns="http://www.w3.org/1999/xhtml" xml:lang="en" lang="en">
 <head>
  <title>
</title>
<meta http-equiv="Content-Type" content="text/html;charset=utf-8" />
  <meta name='ocr-system' content='tesseract 3.04.00' />
  <meta name='ocr-capabilities' content='ocr_page ocr_carea ocr_par ocr_line ocrx_word'/>
</head>
<body>
  <div class='ocr_page' id='page_1' title='image "./mverriiflacciqu03flacgoog_0400.png"; bbox 0 0 3020 4853; ppageno 0'>
   <div class='ocr_carea' id='block_1_1' title="bbox 570 371 702 439">
    <p class='ocr_par' dir='ltr' id='par_1_1' title="bbox 570 371 702 439">
     <span class='ocr_line' id='line_1_1' title="bbox 570 371 702 439; baseline 0 0"><span class='ocrx_word' id='word_1_1' title='bbox 570 371 702 439; x_wconf 78' lang='lat'>388</span> 
     </span>
    </p>
   </div>
   <div class='ocr_carea' id='block_1_2' title="bbox 1266 383 2117 435">
    <p class='ocr_par' dir='ltr' id='par_1_2' title="bbox 1266 383 2117 435">
     <span class='ocr_line' id='line_1_2' title="bbox 1266 383 2117 435; baseline -0.002 -1"><span class='ocrx_word' id='word_1_2' title='bbox 1266 384 1406 434; x_wconf 73' lang='lat' dir='ltr'>SEX</span> <span class='ocrx_word' id='word_1_3' title='bbox 1420 385 1493 432; x_wconf 84' lang='lat' dir='ltr'>&#39;rl</span> <span class='ocrx_word' id='word_1_4' title='bbox 1547 384 1741 434; x_wconf 67' lang='lat' dir='ltr'>Pomp</span> <span class='ocrx_word' id='word_1_5' title='bbox 1754 383 1859 433; x_wconf 81' lang='lat'>1311</span> <span class='ocrx_word' id='word_1_6' title='bbox 1909 383 2117 435; x_wconf 59' lang='lat' dir='ltr'>rnen</span> 
     </span>
    </p>
   </div>
   <div class='ocr_carea' id='block_1_3' title="bbox 606 530 2738 719">
    <p class='ocr_par' dir='ltr' id='par_1_3' title="bbox 606 530 2738 719">
     <span class='ocr_line' id='line_1_3' title="bbox 606 530 2738 616; baseline -0.001 -19"><span class='ocrx_word' id='word_1_7' title='bbox 606 556 613 563; x_wconf 95' lang='lat'><em>·</em></span> <span class='ocrx_word' id='word_1_8' title='bbox 659 531 854 597; x_wconf 88' lang='lat' dir='ltr'>multi</span> <span class='ocrx_word' id='word_1_9' title='bbox 897 538 968 596; x_wconf 89' lang='lat' dir='ltr'>et</span> <span class='ocrx_word' id='word_1_10' title='bbox 997 531 1160 597; x_wconf 85' lang='lat' dir='ltr'>clari</span> <span class='ocrx_word' id='word_1_11' title='bbox 1192 531 1318 596; x_wconf 87' lang='lat' dir='ltr'>viri</span> <span class='ocrx_word' id='word_1_12' title='bbox 1347 532 1473 598; x_wconf 87' lang='lat' dir='ltr'>orti</span> <span class='ocrx_word' id='word_1_13' title='bbox 1503 539 1685 610; x_wconf 79' lang='lat' dir='ltr'>sunt,</span> <span class='ocrx_word' id='word_1_14' title='bbox 1714 538 1781 598; x_wconf 86' lang='lat' dir='ltr'>et</span> <span class='ocrx_word' id='word_1_15' title='bbox 1809 553 1928 616; x_wconf 87' lang='lat' dir='ltr'>per</span> <span class='ocrx_word' id='word_1_16' title='bbox 1957 533 2205 598; x_wconf 87' lang='lat' dir='ltr'>multos</span> <span class='ocrx_word' id='word_1_17' title='bbox 2236 549 2455 598; x_wconf 83' lang='lat' dir='ltr'>anuos</span> <span class='ocrx_word' id='word_1_18' title='bbox 2485 530 2738 606; x_wconf 80' lang='lat' dir='ltr'>fuerunt,</span> 
     </span>
     <span class='ocr_line' id='line_1_4' title="bbox 657 633 2738 719; baseline -0.001 -19"><span class='ocrx_word' id='word_1_19' title='bbox 657 635 836 701; x_wconf 85' lang='lat' dir='ltr'>uude</span> <span class='ocrx_word' id='word_1_20' title='bbox 879 635 1339 719; x_wconf 86' lang='lat' dir='ltr'>proverbium:</span> <span class='ocrx_word' id='word_1_21' title='bbox 1387 636 1593 702; x_wconf 86' lang='lat' dir='ltr'>Multi</span> <span class='ocrx_word' id='word_1_22' title='bbox 1640 636 1858 702; x_wconf 85' lang='lat' dir='ltr'>Manii</span> <span class='ocrx_word' id='word_1_23' title='bbox 1909 633 2214 703; x_wconf 78' lang='lat' dir='ltr'>Ariciae.¹‘</span> <span class='ocrx_word' id='word_1_24' title='bbox 2302 636 2600 701; x_wconf 81' lang='lat' dir='ltr'>Asinus³</span> <span class='ocrx_word' id='word_1_25' title='bbox 2632 634 2738 699; x_wconf 83' lang='lat' dir='ltr'>Ca-</span> 
     </span>
    </p>
   </div>
   <div class='ocr_carea' id='block_1_4' title="bbox 1489 800 1853 822">
    <p class='ocr_par' dir='ltr' id='par_1_4' title="bbox 1489 800 1853 822">
     <span class='ocr_line' id='line_1_5' title="bbox 1489 800 1853 822; baseline -0.003 -1"><span class='ocrx_word' id='word_1_26' title='bbox 1489 800 1853 822; x_wconf 59' lang='lat' dir='ltr'>”tome</span> 
     </span>
    </p>
   </div>
   <div class='ocr_carea' id='block_1_5' title="bbox 634 900 2508 969">
    <p class='ocr_par' dir='ltr' id='par_1_5' title="bbox 634 900 2508 969">
     <span class='ocr_line' id='line_1_6' title="bbox 634 900 2508 969; baseline 0.001 -20"><span class='ocrx_word' id='word_1_27' title='bbox 634 905 664 949; x_wconf 79' lang='lat'><strong>³</strong></span> <span class='ocrx_word' id='word_1_28' title='bbox 694 900 897 950; x_wconf 78' lang='lat' dir='ltr'>Asinius</span> <span class='ocrx_word' id='word_1_29' title='bbox 919 901 1003 951; x_wconf 88' lang='lat' dir='ltr'>ed.</span> <span class='ocrx_word' id='word_1_30' title='bbox 1024 901 1164 952; x_wconf 80' lang='lat' dir='ltr'>Scai.</span> <span class='ocrx_word' id='word_1_31' title='bbox 1190 903 1241 953; x_wconf 90' lang='lat' dir='ltr'>in</span> <span class='ocrx_word' id='word_1_32' title='bbox 1267 903 1415 968; x_wconf 87' lang='lat' dir='ltr'>cujus</span> <span class='ocrx_word' id='word_1_33' title='bbox 1436 919 1602 969; x_wconf 79' lang='lat' dir='ltr'>marg.</span> <span class='ocrx_word' id='word_1_34' title='bbox 1625 904 1702 954; x_wconf 80' lang='lat' dir='ltr'>vir</span> <span class='ocrx_word' id='word_1_35' title='bbox 1723 903 1930 969; x_wconf 89' lang='lat' dir='ltr'>quidam</span> <span class='ocrx_word' id='word_1_36' title='bbox 1956 903 2095 954; x_wconf 85' lang='lat' dir='ltr'>doct.</span> <span class='ocrx_word' id='word_1_37' title='bbox 2128 902 2265 967; x_wconf 87' lang='lat' dir='ltr'>conj.</span> <span class='ocrx_word' id='word_1_38' title='bbox 2290 900 2508 951; x_wconf 69' lang='lat' dir='ltr'>Sinnius.</span> 
     </span>
    </p>
   </div>
   <div class='ocr_carea' id='block_1_6' title="bbox 1558 1036 1779 1086">
    <p class='ocr_par' dir='ltr' id='par_1_6' title="bbox 1558 1036 1779 1086">
     <span class='ocr_line' id='line_1_7' title="bbox 1558 1036 1779 1086; baseline 0 0"><span class='ocrx_word' id='word_1_39' title='bbox 1558 1036 1779 1086; x_wconf 75' lang='lat' dir='ltr'>NOTAE</span> 
     </span>
    </p>
   </div>
   <div class='ocr_carea' id='block_1_7' title="bbox 565 1131 1622 1279">
    <p class='ocr_par' dir='ltr' id='par_1_7' title="bbox 565 1131 1622 1279">
     <span class='ocr_line' id='line_1_8' title="bbox 566 1131 1621 1193; baseline 0.002 -11"><span class='ocrx_word' id='word_1_40' title='bbox 566 1132 752 1182; x_wconf 79' lang='lat' dir='ltr'>Dianae</span> <span class='ocrx_word' id='word_1_41' title='bbox 773 1131 963 1193; x_wconf 85' lang='lat' dir='ltr'>posuit.</span> <span class='ocrx_word' id='word_1_42' title='bbox 1011 1131 1205 1182; x_wconf 86' lang='lat' dir='ltr'>Notum</span> <span class='ocrx_word' id='word_1_43' title='bbox 1230 1139 1312 1183; x_wconf 91' lang='lat' dir='ltr'>est</span> <span class='ocrx_word' id='word_1_44' title='bbox 1334 1135 1621 1184; x_wconf 87' lang='lat' dir='ltr'>Nemoren—</span> 
     </span>
     <span class='ocr_line' id='line_1_9' title="bbox 565 1210 1622 1279; baseline 0.004 -18"><span class='ocrx_word' id='word_1_45' title='bbox 565 1225 672 1261; x_wconf 87' lang='lat' dir='ltr'>sem</span> <span class='ocrx_word' id='word_1_46' title='bbox 690 1211 912 1260; x_wconf 85' lang='lat' dir='ltr'>Dianam</span> <span class='ocrx_word' id='word_1_47' title='bbox 930 1210 1190 1268; x_wconf 78' lang='lat' dir='ltr'>Aricinam</span> <span class='ocrx_word' id='word_1_48' title='bbox 1211 1213 1311 1263; x_wconf 87' lang='lat' dir='ltr'>dici</span> <span class='ocrx_word' id='word_1_49' title='bbox 1333 1231 1345 1261; x_wconf 75' lang='grc' dir='ltr'><strong><em>ε</em></strong></span> <span class='ocrx_word' id='word_1_50' title='bbox 1371 1222 1423 1265; x_wconf 87' lang='lat' dir='ltr'>et</span> <span class='ocrx_word' id='word_1_51' title='bbox 1445 1230 1622 1279; x_wconf 79' lang='lat' dir='ltr'>regem</span> 
     </span>
    </p>
   </div>
   <div class='ocr_carea' id='block_1_8' title="bbox 564 1288 1639 1355">
    <p class='ocr_par' dir='ltr' id='par_1_8' title="bbox 564 1288 1639 1355">
     <span class='ocr_line' id='line_1_10' title="bbox 564 1288 1639 1355; baseline 0.007 -18"><span class='ocrx_word' id='word_1_52' title='bbox 564 1288 941 1339; x_wconf 80' lang='lat' dir='ltr'>Nemorensem</span> <span class='ocrx_word' id='word_1_53' title='bbox 978 1290 1089 1355; x_wconf 87' lang='lat' dir='ltr'>ejus</span> <span class='ocrx_word' id='word_1_54' title='bbox 1123 1290 1467 1343; x_wconf 81' lang='lat' dir='ltr'>sacerdotem.</span> <span class='ocrx_word' id='word_1_55' title='bbox 1515 1294 1639 1344; x_wconf 43' lang='lat' dir='ltr'>Joss</span> 
     </span>
    </p>
   </div>
   <div class='ocr_carea' id='block_1_9' title="bbox 527 1441 1623 4120">
    <p class='ocr_par' dir='ltr' id='par_1_9' title="bbox 527 1441 1623 4120">
     <span class='ocr_line' id='line_1_11' title="bbox 629 1441 1619 1507; baseline 0.006 -16"><span class='ocrx_word' id='word_1_56' title='bbox 629 1441 848 1506; x_wconf 67' lang='lat' dir='ltr'>Manius]</span> <span class='ocrx_word' id='word_1_57' title='bbox 889 1443 1130 1506; x_wconf 85' lang='lat' dir='ltr'>Schedae,</span> <span class='ocrx_word' id='word_1_58' title='bbox 1165 1445 1362 1495; x_wconf 71' lang='lat' dir='ltr'>Manius</span> <span class='ocrx_word' id='word_1_59' title='bbox 1383 1446 1619 1507; x_wconf 57' lang='lat' dir='ltr'>Egeri...</span> 
     </span>
     <span class='ocr_line' id='line_1_12' title="bbox 563 1511 1621 1586; baseline 0.005 -19"><span class='ocrx_word' id='word_1_60' title='bbox 563 1518 839 1568; x_wconf 77' lang='lat' dir='ltr'>Memorem.</span> <span class='ocrx_word' id='word_1_61' title='bbox 904 1519 1051 1570; x_wconf 87' lang='lat' dir='ltr'>Vett.</span> <span class='ocrx_word' id='word_1_62' title='bbox 1084 1511 1218 1571; x_wconf 88' lang='lat' dir='ltr'>Edd.</span> <span class='ocrx_word' id='word_1_63' title='bbox 1254 1521 1453 1572; x_wconf 73' lang='lat' dir='ltr'>Manius</span> <span class='ocrx_word' id='word_1_64' title='bbox 1473 1523 1621 1586; x_wconf 77' lang='lat' dir='ltr'>AEge-</span> 
     </span>
     <span class='ocr_line' id='line_1_13' title="bbox 558 1596 1621 1662; baseline 0.006 -18"><span class='ocrx_word' id='word_1_65' title='bbox 558 1597 662 1645; x_wconf 76' lang='lat' dir='ltr'>rius</span> <span class='ocrx_word' id='word_1_66' title='bbox 685 1596 829 1646; x_wconf 85' lang='lat' dir='ltr'><em>Nem.</em></span> <span class='ocrx_word' id='word_1_67' title='bbox 851 1600 931 1661; x_wconf 57' lang='grc' dir='ltr'>ᾴσ.</span> <span class='ocrx_word' id='word_1_68' title='bbox 1002 1599 1300 1662; x_wconf 78' lang='lat' dir='ltr'>Legeudum</span> <span class='ocrx_word' id='word_1_69' title='bbox 1332 1600 1532 1650; x_wconf 75' lang='lat' dir='ltr'>Manius</span> <span class='ocrx_word' id='word_1_70' title='bbox 1548 1600 1621 1650; x_wconf 70' lang='lat' dir='ltr'>A·</span> 
     </span>
     <span class='ocr_line' id='line_1_14' title="bbox 554 1672 1621 1734; baseline 0.005 -12"><span class='ocrx_word' id='word_1_71' title='bbox 554 1672 722 1734; x_wconf 64' lang='lat' dir='ltr'>cerias</span> <span class='ocrx_word' id='word_1_72' title='bbox 739 1675 794 1723; x_wconf 88' lang='lat' dir='ltr'><em>N</em></span> <span class='ocrx_word' id='word_1_73' title='bbox 792 1690 1072 1726; x_wconf 72' lang='lat' dir='ltr'>emor-ensem</span> <span class='ocrx_word' id='word_1_74' title='bbox 1087 1677 1301 1728; x_wconf 75' lang='lat' dir='ltr'>Dianam</span> <span class='ocrx_word' id='word_1_75' title='bbox 1317 1678 1621 1729; x_wconf 72' lang='lat' dir='ltr'>consecravit.</span> 
     </span>
     <span class='ocr_line' id='line_1_15' title="bbox 558 1751 1623 1819; baseline 0.005 -20"><span class='ocrx_word' id='word_1_76' title='bbox 558 1751 631 1801; x_wconf 87' lang='lat' dir='ltr'>Et</span> <span class='ocrx_word' id='word_1_77' title='bbox 663 1751 737 1800; x_wconf 89' lang='lat' dir='ltr'>ita</span> <span class='ocrx_word' id='word_1_78' title='bbox 769 1753 965 1815; x_wconf 85' lang='lat' dir='ltr'>optime</span> <span class='ocrx_word' id='word_1_79' title='bbox 999 1754 1251 1819; x_wconf 75' lang='lat' dir='ltr'>Scaliger.</span> <span class='ocrx_word' id='word_1_80' title='bbox 1320 1756 1623 1806; x_wconf 68' lang='lat' dir='ltr'>enumeravit</span> 
     </span>
     <span class='ocr_line' id='line_1_16' title="bbox 556 1827 1621 1898; baseline 0.007 -22"><span class='ocrx_word' id='word_1_81' title='bbox 556 1835 659 1889; x_wconf 84' lang='lat' dir='ltr'>est,</span> <span class='ocrx_word' id='word_1_82' title='bbox 678 1827 987 1894; x_wconf 68' lang='grc' dir='ltr'><strong><em>ἁφιδρύσατο,</em></strong></span> <span class='ocrx_word' id='word_1_83' title='bbox 1003 1832 1200 1894; x_wconf 80' lang='lat' dir='ltr'>siguum</span> <span class='ocrx_word' id='word_1_84' title='bbox 1221 1833 1407 1882; x_wconf 78' lang='lat' dir='ltr'>Dianae</span> <span class='ocrx_word' id='word_1_85' title='bbox 1428 1833 1621 1898; x_wconf 77' lang='lat' dir='ltr'><strong>posuit.</strong></span> 
     </span>
     <span class='ocr_line' id='line_1_17' title="bbox 556 1904 1621 1960; baseline 0.006 -6"><span class='ocrx_word' id='word_1_86' title='bbox 556 1904 756 1955; x_wconf 83' lang='lat' dir='ltr'>Notum</span> <span class='ocrx_word' id='word_1_87' title='bbox 793 1915 872 1956; x_wconf 85' lang='lat' dir='ltr'>est</span> <span class='ocrx_word' id='word_1_88' title='bbox 913 1908 1283 1959; x_wconf 86' lang='lat' dir='ltr'>Nemorensem</span> <span class='ocrx_word' id='word_1_89' title='bbox 1307 1910 1528 1960; x_wconf 88' lang='lat' dir='ltr'>Dianam</span> <span class='ocrx_word' id='word_1_90' title='bbox 1552 1909 1621 1960; x_wconf 81' lang='lat' dir='ltr'>A·</span> 
     </span>
     <span class='ocr_line' id='line_1_18' title="bbox 557 1979 1618 2048; baseline 0.007 -20"><span class='ocrx_word' id='word_1_91' title='bbox 557 1979 767 2030; x_wconf 76' lang='lat' dir='ltr'>ricinum</span> <span class='ocrx_word' id='word_1_92' title='bbox 791 1981 917 2041; x_wconf 85' lang='lat' dir='ltr'>dici,</span> <span class='ocrx_word' id='word_1_93' title='bbox 951 1991 1006 2032; x_wconf 90' lang='lat' dir='ltr'>et</span> <span class='ocrx_word' id='word_1_94' title='bbox 1046 1999 1218 2048; x_wconf 82' lang='lat' dir='ltr'>regem</span> <span class='ocrx_word' id='word_1_95' title='bbox 1243 1987 1618 2036; x_wconf 88' lang='lat' dir='ltr'>Nemorensem</span> 
     </span>
     <span class='ocr_line' id='line_1_19' title="bbox 554 2056 1616 2124; baseline 0.008 -20"><span class='ocrx_word' id='word_1_96' title='bbox 554 2056 670 2120; x_wconf 85' lang='lat' dir='ltr'>ejus</span> <span class='ocrx_word' id='word_1_97' title='bbox 709 2057 1065 2110; x_wconf 77' lang='lat' dir='ltr'><strong>Sacerdotem.</strong></span> <span class='ocrx_word' id='word_1_98' title='bbox 1143 2062 1355 2112; x_wconf 87' lang='lat' dir='ltr'>Sueton.</span> <span class='ocrx_word' id='word_1_99' title='bbox 1395 2062 1616 2124; x_wconf 73' lang='lat' dir='ltr'>caligul.</span> 
     </span>
     <span class='ocr_line' id='line_1_20' title="bbox 552 2134 1616 2202; baseline 0.006 -21"><span class='ocrx_word' id='word_1_100' title='bbox 552 2147 672 2195; x_wconf 83' lang='lat' dir='ltr'>cap·</span> <span class='ocrx_word' id='word_1_101' title='bbox 694 2138 773 2185; x_wconf 77' lang='lat'>85.</span> <span class='ocrx_word' id='word_1_102' title='bbox 805 2134 821 2162; x_wconf 94' lang='lat'>‘</span> <span class='ocrx_word' id='word_1_103' title='bbox 839 2134 1146 2185; x_wconf 80' lang='lat' dir='ltr'>Nemorensi</span> <span class='ocrx_word' id='word_1_104' title='bbox 1175 2137 1306 2200; x_wconf 78' lang='lat' dir='ltr'>regi,</span> <span class='ocrx_word' id='word_1_105' title='bbox 1327 2138 1464 2202; x_wconf 89' lang='lat' dir='ltr'>quod</span> <span class='ocrx_word' id='word_1_106' title='bbox 1490 2138 1616 2187; x_wconf 91' lang='lat' dir='ltr'>mul·</span> 
     </span>
     <span class='ocr_line' id='line_1_21' title="bbox 555 2209 1614 2278; baseline 0.007 -22"><span class='ocrx_word' id='word_1_107' title='bbox 555 2216 638 2257; x_wconf 88' lang='lat' dir='ltr'>tos</span> <span class='ocrx_word' id='word_1_108' title='bbox 665 2209 777 2273; x_wconf 89' lang='lat' dir='ltr'>jam</span> <span class='ocrx_word' id='word_1_109' title='bbox 812 2224 974 2260; x_wconf 86' lang='lat' dir='ltr'>anuos</span> <span class='ocrx_word' id='word_1_110' title='bbox 1005 2213 1265 2275; x_wconf 89' lang='lat' dir='ltr'>potiretur</span> <span class='ocrx_word' id='word_1_111' title='bbox 1303 2215 1614 2278; x_wconf 86' lang='lat' dir='ltr'>sacerdotio,</span> 
     </span>
     <span class='ocr_line' id='line_1_22' title="bbox 551 2283 1613 2341; baseline 0.006 -9"><span class='ocrx_word' id='word_1_112' title='bbox 551 2283 852 2336; x_wconf 82' lang='lat' dir='ltr'>validiorem</span> <span class='ocrx_word' id='word_1_113' title='bbox 890 2287 1239 2339; x_wconf 77' lang='lat' dir='ltr'>adversarium</span> <span class='ocrx_word' id='word_1_114' title='bbox 1279 2291 1613 2341; x_wconf 66' lang='lat' dir='ltr'>arabon-navit:</span> 
     </span>
     <span class='ocr_line' id='line_1_23' title="bbox 553 2359 1611 2417; baseline 0.007 -7"><span class='ocrx_word' id='word_1_115' title='bbox 553 2359 889 2412; x_wconf 77' lang='lat' dir='ltr'>Nemorensis</span> <span class='ocrx_word' id='word_1_116' title='bbox 922 2363 1112 2414; x_wconf 77' lang='lat' dir='ltr'>Diauae</span> <span class='ocrx_word' id='word_1_117' title='bbox 1147 2379 1325 2415; x_wconf 85' lang='lat' dir='ltr'>nemus</span> <span class='ocrx_word' id='word_1_118' title='bbox 1362 2374 1418 2416; x_wconf 88' lang='lat' dir='ltr'>et</span> <span class='ocrx_word' id='word_1_119' title='bbox 1456 2367 1611 2417; x_wconf 86' lang='lat' dir='ltr'>ritum</span> 
     </span>
     <span class='ocr_line' id='line_1_24' title="bbox 549 2438 1612 2507; baseline 0.006 -19"><span class='ocrx_word' id='word_1_120' title='bbox 549 2438 801 2491; x_wconf 70' lang='lat' dir='ltr'>describit</span> <span class='ocrx_word' id='word_1_121' title='bbox 821 2439 996 2493; x_wconf 70' lang='lat' dir='ltr'>Strab.</span> <span class='ocrx_word' id='word_1_122' title='bbox 1021 2441 1110 2492; x_wconf 82' lang='lat' dir='ltr'>lib.</span> <span class='ocrx_word' id='word_1_123' title='bbox 1135 2456 1187 2492; x_wconf 88' lang='lat' dir='ltr'>v.</span> <span class='ocrx_word' id='word_1_124' title='bbox 1241 2443 1402 2507; x_wconf 84' lang='lat' dir='ltr'>Cujus</span> <span class='ocrx_word' id='word_1_125' title='bbox 1427 2444 1612 2503; x_wconf 81' lang='lat' dir='ltr'>iocum,</span> 
     </span>
     <span class='ocr_line' id='line_1_25' title="bbox 548 2518 1609 2583; baseline 0.003 -16"><span class='ocrx_word' id='word_1_126' title='bbox 548 2518 674 2581; x_wconf 85' lang='lat' dir='ltr'>quia</span> <span class='ocrx_word' id='word_1_127' title='bbox 696 2519 828 2568; x_wconf 86' lang='lat' dir='ltr'>maie</span> <span class='ocrx_word' id='word_1_128' title='bbox 864 2518 931 2568; x_wconf 89' lang='lat' dir='ltr'>ab</span> <span class='ocrx_word' id='word_1_129' title='bbox 963 2518 1334 2582; x_wconf 75' lang='lat' dir='ltr'>interpretibus</span> <span class='ocrx_word' id='word_1_130' title='bbox 1359 2526 1609 2583; x_wconf 84' lang='lat' dir='ltr'>acceptus</span> 
     </span>
     <span class='ocr_line' id='line_1_26' title="bbox 547 2595 1608 2660; baseline 0.002 -17"><span class='ocrx_word' id='word_1_131' title='bbox 547 2602 647 2657; x_wconf 88' lang='lat' dir='ltr'>est,</span> <span class='ocrx_word' id='word_1_132' title='bbox 679 2608 775 2660; x_wconf 77' lang='lat' dir='ltr'>ego</span> <span class='ocrx_word' id='word_1_133' title='bbox 813 2596 889 2646; x_wconf 86' lang='lat' dir='ltr'>sic</span> <span class='ocrx_word' id='word_1_134' title='bbox 914 2603 1060 2645; x_wconf 83' lang='lat' dir='ltr'>verto</span> <span class='ocrx_word' id='word_1_135' title='bbox 1083 2612 1094 2641; x_wconf 91' lang='lat'>:</span> <span class='ocrx_word' id='word_1_136' title='bbox 1130 2596 1146 2625; x_wconf 87' lang='lat'>‘</span> <span class='ocrx_word' id='word_1_137' title='bbox 1166 2595 1413 2645; x_wconf 75' lang='lat' dir='ltr'>Dianium</span> <span class='ocrx_word' id='word_1_138' title='bbox 1435 2603 1608 2646; x_wconf 89' lang='lat' dir='ltr'>autem</span> 
     </span>
     <span class='ocr_line' id='line_1_27' title="bbox 547 2670 1606 2736; baseline 0.005 -17"><span class='ocrx_word' id='word_1_139' title='bbox 547 2670 681 2734; x_wconf 89' lang='lat' dir='ltr'>quod</span> <span class='ocrx_word' id='word_1_140' title='bbox 705 2679 893 2721; x_wconf 82' lang='lat' dir='ltr'>vocant</span> <span class='ocrx_word' id='word_1_141' title='bbox 915 2686 1112 2731; x_wconf 83' lang='lat' dir='ltr'>nemus,</span> <span class='ocrx_word' id='word_1_142' title='bbox 1145 2672 1197 2720; x_wconf 86' lang='lat' dir='ltr'>iu</span> <span class='ocrx_word' id='word_1_143' title='bbox 1224 2673 1429 2722; x_wconf 88' lang='lat' dir='ltr'>sinistra</span> <span class='ocrx_word' id='word_1_144' title='bbox 1455 2682 1606 2736; x_wconf 88' lang='lat' dir='ltr'>parte</span> 
     </span>
     <span class='ocr_line' id='line_1_28' title="bbox 543 2746 1602 2812; baseline 0.006 -18"><span class='ocrx_word' id='word_1_145' title='bbox 543 2746 642 2795; x_wconf 64' lang='lat' dir='ltr'>vias</span> <span class='ocrx_word' id='word_1_146' title='bbox 666 2756 765 2808; x_wconf 85' lang='lat' dir='ltr'>est,</span> <span class='ocrx_word' id='word_1_147' title='bbox 788 2762 889 2812; x_wconf 86' lang='lat' dir='ltr'>qua</span> <span class='ocrx_word' id='word_1_148' title='bbox 904 2763 969 2797; x_wconf 81' lang='lat' dir='ltr'>ex</span> <span class='ocrx_word' id='word_1_149' title='bbox 987 2747 1161 2799; x_wconf 77' lang='lat' dir='ltr'>Aricia</span> <span class='ocrx_word' id='word_1_150' title='bbox 1185 2748 1249 2798; x_wconf 93' lang='lat' dir='ltr'>ad</span> <span class='ocrx_word' id='word_1_151' title='bbox 1275 2747 1450 2799; x_wconf 80' lang='lat' dir='ltr'>fanum</span> <span class='ocrx_word' id='word_1_152' title='bbox 1476 2751 1602 2800; x_wconf 90' lang='lat' dir='ltr'>Dia·</span> 
     </span>
     <span class='ocr_line' id='line_1_29' title="bbox 542 2824 1603 2892; baseline 0.004 -20"><span class='ocrx_word' id='word_1_153' title='bbox 542 2837 627 2873; x_wconf 66' lang='lat' dir='ltr'>un</span> <span class='ocrx_word' id='word_1_154' title='bbox 672 2824 898 2874; x_wconf 77' lang='lat' dir='ltr'>Ariciuae</span> <span class='ocrx_word' id='word_1_155' title='bbox 954 2826 1333 2876; x_wconf 71' lang='lat' dir='ltr'>conscenditur.</span> <span class='ocrx_word' id='word_1_156' title='bbox 1417 2826 1603 2892; x_wconf 84' lang='lat' dir='ltr'>Ibique</span> 
     </span>
     <span class='ocr_line' id='line_1_30' title="bbox 541 2900 1602 2967; baseline 0.004 -18"><span class='ocrx_word' id='word_1_157' title='bbox 541 2900 733 2951; x_wconf 77' lang='lat' dir='ltr'>Dianae</span> <span class='ocrx_word' id='word_1_158' title='bbox 752 2901 984 2952; x_wconf 64' lang='lat' dir='ltr'>Taurica</span> <span class='ocrx_word' id='word_1_159' title='bbox 1019 2904 1221 2967; x_wconf 79' lang='lat' dir='ltr'>signum</span> <span class='ocrx_word' id='word_1_160' title='bbox 1246 2912 1602 2956; x_wconf 84' lang='lat' dir='ltr'>consecratum</span> 
     </span>
     <span class='ocr_line' id='line_1_31' title="bbox 540 2973 1604 3045; baseline 0.006 -22"><span class='ocrx_word' id='word_1_161' title='bbox 540 2973 737 3025; x_wconf 79' lang='lat' dir='ltr'>ferunt.</span> <span class='ocrx_word' id='word_1_162' title='bbox 807 2977 940 3027; x_wconf 89' lang='lat' dir='ltr'>Nam</span> <span class='ocrx_word' id='word_1_163' title='bbox 965 2985 1022 3027; x_wconf 89' lang='lat' dir='ltr'>et</span> <span class='ocrx_word' id='word_1_164' title='bbox 1046 2977 1361 3029; x_wconf 79' lang='lat' dir='ltr'>Barbaricas</span> <span class='ocrx_word' id='word_1_165' title='bbox 1389 2990 1444 3030; x_wconf 89' lang='lat' dir='ltr'>et</span> <span class='ocrx_word' id='word_1_166' title='bbox 1479 2981 1604 3045; x_wconf 77' lang='lat' dir='ltr'>Scy·</span> 
     </span>
     <span class='ocr_line' id='line_1_32' title="bbox 541 3050 1600 3117; baseline 0.009 -19"><span class='ocrx_word' id='word_1_167' title='bbox 541 3050 712 3100; x_wconf 79' lang='lat' dir='ltr'>thiens</span> <span class='ocrx_word' id='word_1_168' title='bbox 735 3065 846 3101; x_wconf 89' lang='lat' dir='ltr'>mos</span> <span class='ocrx_word' id='word_1_169' title='bbox 869 3052 1005 3117; x_wconf 87' lang='lat' dir='ltr'>apud</span> <span class='ocrx_word' id='word_1_170' title='bbox 1033 3053 1156 3103; x_wconf 79' lang='lat' dir='ltr'>illud</span> <span class='ocrx_word' id='word_1_171' title='bbox 1182 3054 1357 3105; x_wconf 79' lang='lat' dir='ltr'>fanum</span> <span class='ocrx_word' id='word_1_172' title='bbox 1379 3056 1600 3108; x_wconf 90' lang='lat' dir='ltr'>obtinet.</span> 
     </span>
     <span class='ocr_line' id='line_1_33' title="bbox 539 3123 1600 3189; baseline 0.009 -16"><span class='ocrx_word' id='word_1_173' title='bbox 539 3123 775 3189; x_wconf 78' lang='lat' dir='ltr'>Perfuga</span> <span class='ocrx_word' id='word_1_174' title='bbox 812 3128 946 3176; x_wconf 89' lang='lat' dir='ltr'>enim</span> <span class='ocrx_word' id='word_1_175' title='bbox 980 3128 1052 3177; x_wconf 89' lang='lat' dir='ltr'>ibi</span> <span class='ocrx_word' id='word_1_176' title='bbox 1076 3131 1409 3182; x_wconf 75' lang='lat' dir='ltr'>constituitur</span> <span class='ocrx_word' id='word_1_177' title='bbox 1430 3147 1600 3183; x_wconf 82' lang='lat' dir='ltr'>sacer-</span> 
     </span>
     <span class='ocr_line' id='line_1_34' title="bbox 541 3198 1602 3268; baseline 0.011 -21"><span class='ocrx_word' id='word_1_178' title='bbox 541 3198 656 3260; x_wconf 86' lang='lat' dir='ltr'>dos,</span> <span class='ocrx_word' id='word_1_179' title='bbox 674 3201 762 3266; x_wconf 90' lang='lat' dir='ltr'>qui</span> <span class='ocrx_word' id='word_1_180' title='bbox 787 3201 1111 3254; x_wconf 67' lang='lat' dir='ltr'>sacerdotem</span> <span class='ocrx_word' id='word_1_181' title='bbox 1137 3206 1361 3268; x_wconf 77' lang='lat' dir='ltr'>priorem</span> <span class='ocrx_word' id='word_1_182' title='bbox 1378 3223 1470 3258; x_wconf 81' lang='lat' dir='ltr'>sna</span> <span class='ocrx_word' id='word_1_183' title='bbox 1494 3215 1602 3259; x_wconf 86' lang='lat' dir='ltr'>tru-</span> 
     </span>
     <span class='ocr_line' id='line_1_35' title="bbox 540 3275 1600 3352; baseline 0.014 -29"><span class='ocrx_word' id='word_1_184' title='bbox 540 3275 794 3327; x_wconf 82' lang='lat' dir='ltr'>cidaverit</span> <span class='ocrx_word' id='word_1_185' title='bbox 836 3293 1008 3344; x_wconf 87' lang='lat' dir='ltr'>manu,</span> <span class='ocrx_word' id='word_1_186' title='bbox 1062 3284 1349 3350; x_wconf 73' lang='lat' dir='ltr'>strictoque</span> <span class='ocrx_word' id='word_1_187' title='bbox 1394 3301 1600 3352; x_wconf 80' lang='lat' dir='ltr'>semper</span> 
     </span>
     <span class='ocr_line' id='line_1_36' title="bbox 536 3352 1596 3421; baseline 0.014 -21"><span class='ocrx_word' id='word_1_188' title='bbox 536 3352 711 3414; x_wconf 76' lang='lat' dir='ltr'>gladio</span> <span class='ocrx_word' id='word_1_189' title='bbox 756 3362 857 3413; x_wconf 88' lang='lat' dir='ltr'>est,</span> <span class='ocrx_word' id='word_1_190' title='bbox 893 3357 1113 3409; x_wconf 80' lang='lat' dir='ltr'>insultus</span> <span class='ocrx_word' id='word_1_191' title='bbox 1160 3361 1361 3421; x_wconf 84' lang='lat' dir='ltr'>timens,</span> <span class='ocrx_word' id='word_1_192' title='bbox 1400 3364 1464 3414; x_wconf 91' lang='lat' dir='ltr'>ad</span> <span class='ocrx_word' id='word_1_193' title='bbox 1506 3380 1596 3415; x_wconf 81' lang='lat' dir='ltr'>eos</span> 
     </span>
     <span class='ocr_line' id='line_1_37' title="bbox 532 3431 1597 3505; baseline 0.014 -28"><span class='ocrx_word' id='word_1_194' title='bbox 532 3431 910 3493; x_wconf 85' lang='lat' dir='ltr'>propulsandos</span> <span class='ocrx_word' id='word_1_195' title='bbox 931 3435 1179 3498; x_wconf 62' lang='lat' dir='ltr'>paratus!</span> <span class='ocrx_word' id='word_1_196' title='bbox 1246 3440 1480 3505; x_wconf 81' lang='lat' dir='ltr'>Plenius,</span> <span class='ocrx_word' id='word_1_197' title='bbox 1503 3443 1597 3492; x_wconf 83' lang='lat' dir='ltr'>sed</span> 
     </span>
     <span class='ocr_line' id='line_1_38' title="bbox 531 3509 1596 3573; baseline 0.013 -18"><span class='ocrx_word' id='word_1_198' title='bbox 531 3510 689 3569; x_wconf 80' lang='lat' dir='ltr'>paulo</span> <span class='ocrx_word' id='word_1_199' title='bbox 711 3509 882 3573; x_wconf 84' lang='lat' dir='ltr'>aliter,</span> <span class='ocrx_word' id='word_1_200' title='bbox 913 3511 979 3561; x_wconf 91' lang='lat' dir='ltr'>de</span> <span class='ocrx_word' id='word_1_201' title='bbox 1003 3513 1186 3564; x_wconf 89' lang='lat' dir='ltr'>eadem</span> <span class='ocrx_word' id='word_1_202' title='bbox 1212 3530 1266 3565; x_wconf 88' lang='lat' dir='ltr'>re</span> <span class='ocrx_word' id='word_1_203' title='bbox 1289 3517 1495 3568; x_wconf 80' lang='lat' dir='ltr'>Servius</span> <span class='ocrx_word' id='word_1_204' title='bbox 1521 3532 1596 3569; x_wconf 76' lang='lat' dir='ltr'>vl.</span> 
     </span>
     <span class='ocr_line' id='line_1_39' title="bbox 534 3582 1596 3657; baseline 0.013 -26"><span class='ocrx_word' id='word_1_205' title='bbox 534 3582 737 3641; x_wconf 78' lang='lat' dir='ltr'>AEneid.</span> <span class='ocrx_word' id='word_1_206' title='bbox 768 3588 783 3614; x_wconf 79' lang='lat'>⁸</span> <span class='ocrx_word' id='word_1_207' title='bbox 805 3586 1061 3646; x_wconf 83' lang='lat' dir='ltr'>Orestes,’</span> <span class='ocrx_word' id='word_1_208' title='bbox 1093 3590 1281 3655; x_wconf 85' lang='lat' dir='ltr'>iuquit,</span> <span class='ocrx_word' id='word_1_209' title='bbox 1316 3601 1328 3622; x_wconf 80' lang='lat'>⁸</span> <span class='ocrx_word' id='word_1_210' title='bbox 1360 3600 1474 3657; x_wconf 83' lang='lat' dir='ltr'>post</span> <span class='ocrx_word' id='word_1_211' title='bbox 1510 3610 1596 3645; x_wconf 90' lang='lat' dir='ltr'>oc·</span> 
     </span>
     <span class='ocr_line' id='line_1_40' title="bbox 530 3661 1592 3735; baseline 0.011 -26"><span class='ocrx_word' id='word_1_212' title='bbox 530 3661 691 3711; x_wconf 87' lang='lat' dir='ltr'>cisum</span> <span class='ocrx_word' id='word_1_213' title='bbox 739 3678 913 3728; x_wconf 79' lang='lat' dir='ltr'>regem</span> <span class='ocrx_word' id='word_1_214' title='bbox 956 3665 1244 3718; x_wconf 80' lang='lat' dir='ltr'>&#39;l&#39;hoautem</span> <span class='ocrx_word' id='word_1_215' title='bbox 1289 3669 1341 3718; x_wconf 90' lang='lat' dir='ltr'>in</span> <span class='ocrx_word' id='word_1_216' title='bbox 1381 3672 1592 3735; x_wconf 78' lang='lat' dir='ltr'>regione</span> 
     </span>
     <span class='ocr_line' id='line_1_41' title="bbox 529 3738 1591 3810; baseline 0.01 -23"><span class='ocrx_word' id='word_1_217' title='bbox 529 3738 765 3803; x_wconf 77' lang='lat' dir='ltr'>Taurica,</span> <span class='ocrx_word' id='word_1_218' title='bbox 783 3756 900 3791; x_wconf 88' lang='lat' dir='ltr'>cum</span> <span class='ocrx_word' id='word_1_219' title='bbox 924 3757 1098 3794; x_wconf 85' lang='lat' dir='ltr'>sorore</span> <span class='ocrx_word' id='word_1_220' title='bbox 1116 3744 1412 3810; x_wconf 76' lang='lat' dir='ltr'>Iphigenia,</span> <span class='ocrx_word' id='word_1_221' title='bbox 1427 3757 1486 3798; x_wconf 93' lang='lat' dir='ltr'>ut</span> <span class='ocrx_word' id='word_1_222' title='bbox 1508 3764 1591 3797; x_wconf 84' lang='lat' dir='ltr'>su-</span> 
     </span>
     <span class='ocr_line' id='line_1_42' title="bbox 528 3816 1592 3884; baseline 0.01 -20"><span class='ocrx_word' id='word_1_223' title='bbox 528 3829 625 3878; x_wconf 88' lang='lat' dir='ltr'>pra</span> <span class='ocrx_word' id='word_1_224' title='bbox 648 3816 893 3881; x_wconf 79' lang='lat' dir='ltr'>diximus,</span> <span class='ocrx_word' id='word_1_225' title='bbox 912 3818 1068 3884; x_wconf 78' lang='lat' dir='ltr'>fugit,</span> <span class='ocrx_word' id='word_1_226' title='bbox 1093 3829 1148 3871; x_wconf 90' lang='lat' dir='ltr'>et</span> <span class='ocrx_word' id='word_1_227' title='bbox 1173 3823 1359 3874; x_wconf 78' lang='lat' dir='ltr'>Dianae</span> <span class='ocrx_word' id='word_1_228' title='bbox 1383 3825 1592 3874; x_wconf 83' lang='lat' dir='ltr'>simula·</span> 
     </span>
     <span class='ocr_line' id='line_1_43' title="bbox 528 3893 1588 3966; baseline 0.012 -27"><span class='ocrx_word' id='word_1_229' title='bbox 528 3906 675 3942; x_wconf 89' lang='lat' dir='ltr'>erum</span> <span class='ocrx_word' id='word_1_230' title='bbox 711 3893 832 3943; x_wconf 88' lang='lat' dir='ltr'>inde</span> <span class='ocrx_word' id='word_1_231' title='bbox 869 3895 1133 3948; x_wconf 85' lang='lat' dir='ltr'>sublatum</span> <span class='ocrx_word' id='word_1_232' title='bbox 1170 3900 1304 3949; x_wconf 85' lang='lat' dir='ltr'>haud</span> <span class='ocrx_word' id='word_1_233' title='bbox 1346 3902 1498 3966; x_wconf 77' lang='lat' dir='ltr'>louge</span> <span class='ocrx_word' id='word_1_234' title='bbox 1523 3903 1588 3952; x_wconf 88' lang='lat' dir='ltr'>ab</span> 
     </span>
     <span class='ocr_line' id='line_1_44' title="bbox 527 3966 1589 4044; baseline 0.014 -30"><span class='ocrx_word' id='word_1_235' title='bbox 527 3966 709 4033; x_wconf 55' lang='lat' dir='ltr'>Aricia</span> <span class='ocrx_word' id='word_1_236' title='bbox 745 3971 1033 4023; x_wconf 80' lang='lat' dir='ltr'>coltocavit.</span> <span class='ocrx_word' id='word_1_237' title='bbox 1101 3975 1164 4025; x_wconf 93' lang='lat' dir='ltr'>Iu</span> <span class='ocrx_word' id='word_1_238' title='bbox 1195 3976 1347 4041; x_wconf 83' lang='lat' dir='ltr'>hujus</span> <span class='ocrx_word' id='word_1_239' title='bbox 1372 3980 1589 4044; x_wconf 80' lang='lat' dir='ltr'>templo,</span> 
     </span>
     <span class='ocr_line' id='line_1_45' title="bbox 527 4051 1587 4120; baseline 0.015 -29"><span class='ocrx_word' id='word_1_240' title='bbox 527 4052 645 4105; x_wconf 87' lang='lat' dir='ltr'>post</span> <span class='ocrx_word' id='word_1_241' title='bbox 698 4053 945 4098; x_wconf 87' lang='lat' dir='ltr'>mutatum</span> <span class='ocrx_word' id='word_1_242' title='bbox 997 4051 1151 4101; x_wconf 88' lang='lat' dir='ltr'>ritum</span> <span class='ocrx_word' id='word_1_243' title='bbox 1197 4054 1587 4120; x_wconf 82' lang='lat' dir='ltr'>sacrificiorum,</span> 
     </span>
    </p>
   </div>
   <div class='ocr_carea' id='block_1_10' title="bbox 1680 1132 2747 3663">
    <p class='ocr_par' dir='ltr' id='par_1_10' title="bbox 1703 1132 2743 1198">
     <span class='ocr_line' id='line_1_46' title="bbox 1703 1132 2743 1198; baseline -0.003 -14"><span class='ocrx_word' id='word_1_244' title='bbox 1703 1149 1840 1185; x_wconf 87' lang='lat' dir='ltr'>mum</span> <span class='ocrx_word' id='word_1_245' title='bbox 1864 1134 2118 1198; x_wconf 86' lang='lat' dir='ltr'>potuisset</span> <span class='ocrx_word' id='word_1_246' title='bbox 2154 1132 2380 1194; x_wconf 78' lang='lat' dir='ltr'>auferre,</span> <span class='ocrx_word' id='word_1_247' title='bbox 2416 1134 2743 1183; x_wconf 83' lang='lat' dir='ltr'>monomachia</span> 
     </span>
    </p>

    <p class='ocr_par' dir='ltr' id='par_1_11' title="bbox 1703 1209 2740 1277">
     <span class='ocr_line' id='line_1_47' title="bbox 1703 1209 2740 1277; baseline -0.005 -14"><span class='ocrx_word' id='word_1_248' title='bbox 1703 1228 1817 1263; x_wconf 88' lang='lat' dir='ltr'>cum</span> <span class='ocrx_word' id='word_1_249' title='bbox 1852 1211 2074 1277; x_wconf 81' lang='lat' dir='ltr'>fugitivo</span> <span class='ocrx_word' id='word_1_250' title='bbox 2111 1211 2289 1275; x_wconf 87' lang='lat' dir='ltr'>tempii</span> <span class='ocrx_word' id='word_1_251' title='bbox 2324 1209 2600 1259; x_wconf 85' lang='lat' dir='ltr'>sacerdote</span> <span class='ocrx_word' id='word_1_252' title='bbox 2622 1210 2740 1259; x_wconf 86' lang='lat' dir='ltr'>dimi·</span> 
     </span>
    </p>

    <p class='ocr_par' dir='ltr' id='par_1_12' title="bbox 1702 1286 2741 1352">
     <span class='ocr_line' id='line_1_48' title="bbox 1702 1286 2741 1352; baseline -0.004 -13"><span class='ocrx_word' id='word_1_253' title='bbox 1702 1296 1882 1352; x_wconf 82' lang='lat' dir='ltr'>caret3</span> <span class='ocrx_word' id='word_1_254' title='bbox 1909 1304 2026 1339; x_wconf 87' lang='lat' dir='ltr'>nam</span> <span class='ocrx_word' id='word_1_255' title='bbox 2051 1287 2300 1350; x_wconf 72' lang='lat' dir='ltr'>fugitivus</span> <span class='ocrx_word' id='word_1_256' title='bbox 2321 1286 2433 1336; x_wconf 84' lang='lat' dir='ltr'>illic</span> <span class='ocrx_word' id='word_1_257' title='bbox 2456 1295 2575 1336; x_wconf 82' lang='lat' dir='ltr'>erat</span> <span class='ocrx_word' id='word_1_258' title='bbox 2594 1301 2741 1336; x_wconf 84' lang='lat' dir='ltr'>saeer-</span> 
     </span>
    </p>

    <p class='ocr_par' dir='ltr' id='par_1_13' title="bbox 1705 1363 2745 1430">
     <span class='ocr_line' id='line_1_49' title="bbox 1705 1363 2745 1430; baseline -0.003 -14"><span class='ocrx_word' id='word_1_259' title='bbox 1705 1366 1799 1416; x_wconf 89' lang='lat' dir='ltr'>dos</span> <span class='ocrx_word' id='word_1_260' title='bbox 1823 1366 1888 1417; x_wconf 88' lang='lat' dir='ltr'>ad</span> <span class='ocrx_word' id='word_1_261' title='bbox 1910 1367 2140 1430; x_wconf 84' lang='lat' dir='ltr'>pristinae</span> <span class='ocrx_word' id='word_1_262' title='bbox 2165 1365 2441 1430; x_wconf 73' lang='lat' dir='ltr'>imaginem</span> <span class='ocrx_word' id='word_1_263' title='bbox 2464 1363 2625 1428; x_wconf 73' lang='lat' dir='ltr'>fugae.</span> <span class='ocrx_word' id='word_1_264' title='bbox 2666 1365 2745 1415; x_wconf 90' lang='lat' dir='ltr'>Di·</span> 
     </span>
    </p>

    <p class='ocr_par' dir='ltr' id='par_1_14' title="bbox 1680 1438 2747 3663">
     <span class='ocr_line' id='line_1_50' title="bbox 1704 1438 2745 1505; baseline -0.002 -14"><span class='ocrx_word' id='word_1_265' title='bbox 1704 1443 1929 1493; x_wconf 89' lang='lat' dir='ltr'>micandi</span> <span class='ocrx_word' id='word_1_266' title='bbox 1945 1451 2117 1492; x_wconf 86' lang='lat' dir='ltr'>autem</span> <span class='ocrx_word' id='word_1_267' title='bbox 2133 1441 2355 1491; x_wconf 84' lang='lat' dir='ltr'>dabatur</span> <span class='ocrx_word' id='word_1_268' title='bbox 2365 1438 2607 1501; x_wconf 77' lang='lat' dir='ltr'>facultas,</span> <span class='ocrx_word' id='word_1_269' title='bbox 2618 1442 2745 1505; x_wconf 81' lang='lat' dir='ltr'>quasi</span> 
     </span>
     <span class='ocr_line' id='line_1_51' title="bbox 1705 1516 2745 1583; baseline -0.002 -15"><span class='ocrx_word' id='word_1_270' title='bbox 1705 1519 1768 1568; x_wconf 79' lang='lat' dir='ltr'>ad</span> <span class='ocrx_word' id='word_1_271' title='bbox 1811 1519 2017 1583; x_wconf 90' lang='lat' dir='ltr'>pristini</span> <span class='ocrx_word' id='word_1_272' title='bbox 2055 1516 2290 1568; x_wconf 84' lang='lat' dir='ltr'>sacrificii</span> <span class='ocrx_word' id='word_1_273' title='bbox 2344 1517 2745 1580; x_wconf 67' lang='lat' dir='ltr'>reparationem.⁹</span> 
     </span>
     <span class='ocr_line' id='line_1_52' title="bbox 1705 1594 2747 1659; baseline -0.001 -15"><span class='ocrx_word' id='word_1_274' title='bbox 1705 1595 1837 1645; x_wconf 78' lang='lat' dir='ltr'>Haec</span> <span class='ocrx_word' id='word_1_275' title='bbox 1874 1596 2100 1646; x_wconf 79' lang='lat' dir='ltr'>Servius.</span> <span class='ocrx_word' id='word_1_276' title='bbox 2166 1594 2321 1644; x_wconf 86' lang='lat' dir='ltr'>Hunc</span> <span class='ocrx_word' id='word_1_277' title='bbox 2344 1608 2545 1644; x_wconf 88' lang='lat' dir='ltr'>morem</span> <span class='ocrx_word' id='word_1_278' title='bbox 2581 1597 2747 1659; x_wconf 78' lang='lat' dir='ltr'>tangit.</span> 
     </span>
     <span class='ocr_line' id='line_1_53' title="bbox 1704 1670 2746 1722; baseline 0 -1"><span class='ocrx_word' id='word_1_279' title='bbox 1704 1670 1863 1721; x_wconf 79' lang='lat' dir='ltr'>ovid.</span> <span class='ocrx_word' id='word_1_280' title='bbox 1889 1671 1979 1722; x_wconf 86' lang='lat' dir='ltr'>lib.</span> <span class='ocrx_word' id='word_1_281' title='bbox 2001 1685 2039 1721; x_wconf 84' lang='lat'>1.</span> <span class='ocrx_word' id='word_1_282' title='bbox 2063 1670 2130 1720; x_wconf 91' lang='lat' dir='ltr'>de</span> <span class='ocrx_word' id='word_1_283' title='bbox 2154 1678 2295 1721; x_wconf 85' lang='lat' dir='ltr'>arte:</span> <span class='ocrx_word' id='word_1_284' title='bbox 2319 1671 2334 1698; x_wconf 93' lang='lat'>‘</span> <span class='ocrx_word' id='word_1_285' title='bbox 2355 1671 2497 1721; x_wconf 81' lang='lat' dir='ltr'>Ecce</span> <span class='ocrx_word' id='word_1_286' title='bbox 2518 1672 2746 1722; x_wconf 85' lang='lat' dir='ltr'>suburba-</span> 
     </span>
     <span class='ocr_line' id='line_1_54' title="bbox 1704 1748 2746 1812; baseline 0.002 -15"><span class='ocrx_word' id='word_1_287' title='bbox 1704 1763 1783 1797; x_wconf 75' lang='lat' dir='ltr'>nae</span> <span class='ocrx_word' id='word_1_288' title='bbox 1807 1750 2052 1812; x_wconf 82' lang='lat' dir='ltr'>tempium</span> <span class='ocrx_word' id='word_1_289' title='bbox 2085 1750 2137 1799; x_wconf 88' lang='lat' dir='ltr'>N</span> <span class='ocrx_word' id='word_1_290' title='bbox 2142 1748 2362 1797; x_wconf 73' lang='lat' dir='ltr'>emoraIe</span> <span class='ocrx_word' id='word_1_291' title='bbox 2404 1749 2603 1810; x_wconf 69' lang='lat' dir='ltr'>Diauae,</span> <span class='ocrx_word' id='word_1_292' title='bbox 2636 1750 2746 1799; x_wconf 90' lang='lat' dir='ltr'>Par-</span> 
     </span>
     <span class='ocr_line' id='line_1_55' title="bbox 1694 1824 2747 1890; baseline 0 -15"><span class='ocrx_word' id='word_1_293' title='bbox 1694 1832 1862 1890; x_wconf 68' lang='lat' dir='ltr'>taque</span> <span class='ocrx_word' id='word_1_294' title='bbox 1887 1840 1981 1890; x_wconf 88' lang='lat' dir='ltr'>per</span> <span class='ocrx_word' id='word_1_295' title='bbox 2003 1824 2198 1889; x_wconf 76' lang='lat' dir='ltr'>giadios</span> <span class='ocrx_word' id='word_1_296' title='bbox 2223 1839 2380 1888; x_wconf 80' lang='lat' dir='ltr'>regna</span> <span class='ocrx_word' id='word_1_297' title='bbox 2412 1835 2635 1876; x_wconf 89' lang='lat' dir='ltr'>nocente</span> <span class='ocrx_word' id='word_1_298' title='bbox 2656 1842 2747 1875; x_wconf 88' lang='lat' dir='ltr'>ma·</span> 
     </span>
     <span class='ocr_line' id='line_1_56' title="bbox 1703 1899 2747 1966; baseline 0.003 -17"><span class='ocrx_word' id='word_1_299' title='bbox 1703 1899 1807 1953; x_wconf 84' lang='lat' dir='ltr'>nu.&#39;</span> <span class='ocrx_word' id='word_1_300' title='bbox 1873 1899 2004 1951; x_wconf 91' lang='lat' dir='ltr'>Inde</span> <span class='ocrx_word' id='word_1_301' title='bbox 2042 1901 2165 1950; x_wconf 79' lang='lat' dir='ltr'>satis</span> <span class='ocrx_word' id='word_1_302' title='bbox 2204 1901 2368 1966; x_wconf 90' lang='lat' dir='ltr'>liquet</span> <span class='ocrx_word' id='word_1_303' title='bbox 2405 1901 2617 1951; x_wconf 84' lang='lat' dir='ltr'>Latinos</span> <span class='ocrx_word' id='word_1_304' title='bbox 2644 1901 2747 1952; x_wconf 76' lang='lat' dir='ltr'>Ari·</span> 
     </span>
     <span class='ocr_line' id='line_1_57' title="bbox 1699 1977 2745 2041; baseline 0.001 -14"><span class='ocrx_word' id='word_1_305' title='bbox 1699 1977 1832 2028; x_wconf 75' lang='lat' dir='ltr'>cinae</span> <span class='ocrx_word' id='word_1_306' title='bbox 1850 1978 2034 2027; x_wconf 79' lang='lat' dir='ltr'>Dianae</span> <span class='ocrx_word' id='word_1_307' title='bbox 2044 1978 2312 2041; x_wconf 83' lang='lat' dir='ltr'>Templum</span> <span class='ocrx_word' id='word_1_308' title='bbox 2331 1991 2549 2027; x_wconf 79' lang='lat' dir='ltr'>vocasse</span> <span class='ocrx_word' id='word_1_309' title='bbox 2566 1979 2745 2038; x_wconf 64' lang='lat' dir='ltr'>Nemas,</span> 
     </span>
     <span class='ocr_line' id='line_1_58' title="bbox 1697 2053 2746 2121; baseline 0.003 -19"><span class='ocrx_word' id='word_1_310' title='bbox 1697 2061 1754 2103; x_wconf 91' lang='lat' dir='ltr'>et</span> <span class='ocrx_word' id='word_1_311' title='bbox 1779 2054 1941 2117; x_wconf 87' lang='lat' dir='ltr'>ipsam</span> <span class='ocrx_word' id='word_1_312' title='bbox 1970 2054 2181 2104; x_wconf 71' lang='lat' dir='ltr'>Dicam</span> <span class='ocrx_word' id='word_1_313' title='bbox 2204 2053 2557 2104; x_wconf 69' lang='lat' dir='ltr'>Nestor-ensem.</span> <span class='ocrx_word' id='word_1_314' title='bbox 2600 2055 2746 2121; x_wconf 80' lang='lat' dir='ltr'>Atqui</span> 
     </span>
     <span class='ocr_line' id='line_1_59' title="bbox 1695 2130 2746 2197; baseline 0.002 -18"><span class='ocrx_word' id='word_1_315' title='bbox 1695 2130 1832 2193; x_wconf 82' lang='lat' dir='ltr'>apud</span> <span class='ocrx_word' id='word_1_316' title='bbox 1873 2130 2182 2181; x_wconf 78' lang='lat' dir='ltr'>Strabonem</span> <span class='ocrx_word' id='word_1_317' title='bbox 2223 2133 2300 2180; x_wconf 84' lang='lat' dir='ltr'>ita</span> <span class='ocrx_word' id='word_1_318' title='bbox 2338 2132 2510 2181; x_wconf 82' lang='lat' dir='ltr'>iocum</span> <span class='ocrx_word' id='word_1_319' title='bbox 2545 2147 2746 2197; x_wconf 84' lang='lat' dir='ltr'>accepe-</span> 
     </span>
     <span class='ocr_line' id='line_1_60' title="bbox 1694 2206 2746 2272; baseline 0.002 -17"><span class='ocrx_word' id='word_1_320' title='bbox 1694 2215 1816 2256; x_wconf 90' lang='lat' dir='ltr'>runt</span> <span class='ocrx_word' id='word_1_321' title='bbox 1839 2208 2176 2271; x_wconf 87' lang='lat' dir='ltr'>interpretes,</span> <span class='ocrx_word' id='word_1_322' title='bbox 2192 2207 2335 2272; x_wconf 89' lang='lat' dir='ltr'>quasi</span> <span class='ocrx_word' id='word_1_323' title='bbox 2351 2206 2420 2257; x_wconf 88' lang='lat' dir='ltr'>de</span> <span class='ocrx_word' id='word_1_324' title='bbox 2440 2209 2627 2258; x_wconf 68' lang='lat' dir='ltr'>Diana</span> <span class='ocrx_word' id='word_1_325' title='bbox 2644 2209 2746 2272; x_wconf 72' lang='lat' dir='ltr'>Syi-</span> 
     </span>
     <span class='ocr_line' id='line_1_61' title="bbox 1695 2283 2744 2346; baseline 0.005 -16"><span class='ocrx_word' id='word_1_326' title='bbox 1695 2296 1788 2343; x_wconf 80' lang='lat' dir='ltr'>va3</span> <span class='ocrx_word' id='word_1_327' title='bbox 1814 2283 1888 2332; x_wconf 90' lang='lat' dir='ltr'>ita</span> <span class='ocrx_word' id='word_1_328' title='bbox 1905 2284 2038 2332; x_wconf 89' lang='lat' dir='ltr'>enim</span> <span class='ocrx_word' id='word_1_329' title='bbox 2060 2283 2395 2346; x_wconf 86' lang='lat' dir='ltr'>interpretati</span> <span class='ocrx_word' id='word_1_330' title='bbox 2414 2292 2564 2334; x_wconf 84' lang='lat' dir='ltr'>suut:</span> <span class='ocrx_word' id='word_1_331' title='bbox 2591 2286 2744 2335; x_wconf 63' lang='lat' dir='ltr'>Dian</span> 
     </span>
     <span class='ocr_line' id='line_1_62' title="bbox 1692 2362 2745 2426; baseline 0.004 -17"><span class='ocrx_word' id='word_1_332' title='bbox 1692 2362 1812 2422; x_wconf 71' lang='lat' dir='ltr'>quod</span> <span class='ocrx_word' id='word_1_333' title='bbox 1828 2366 1995 2411; x_wconf 75' lang='lat' dir='ltr'>vocant</span> <span class='ocrx_word' id='word_1_334' title='bbox 2012 2376 2197 2410; x_wconf 76' lang='lat' dir='ltr'>nemus:</span> <span class='ocrx_word' id='word_1_335' title='bbox 2219 2375 2336 2411; x_wconf 89' lang='lat' dir='ltr'>cum</span> <span class='ocrx_word' id='word_1_336' title='bbox 2357 2362 2534 2426; x_wconf 89' lang='lat' dir='ltr'>potius</span> <span class='ocrx_word' id='word_1_337' title='bbox 2554 2372 2745 2413; x_wconf 76' lang='lat' dir='ltr'>vertere</span> 
     </span>
     <span class='ocr_line' id='line_1_63' title="bbox 1693 2435 2744 2502; baseline 0.005 -17"><span class='ocrx_word' id='word_1_338' title='bbox 1693 2435 2001 2487; x_wconf 81' lang='lat' dir='ltr'>debuissent</span> <span class='ocrx_word' id='word_1_339' title='bbox 2025 2437 2280 2502; x_wconf 73' lang='lat' dir='ltr'>Dianium,</span> <span class='ocrx_word' id='word_1_340' title='bbox 2303 2440 2414 2488; x_wconf 83' lang='lat' dir='ltr'>sive</span> <span class='ocrx_word' id='word_1_341' title='bbox 2438 2440 2620 2490; x_wconf 70' lang='lat' dir='ltr'>Diana</span> <span class='ocrx_word' id='word_1_342' title='bbox 2641 2447 2744 2490; x_wconf 68' lang='lat' dir='ltr'>tera·</span> 
     </span>
     <span class='ocr_line' id='line_1_64' title="bbox 1687 2514 2744 2578; baseline 0.004 -16"><span class='ocrx_word' id='word_1_343' title='bbox 1687 2514 1839 2576; x_wconf 81' lang='lat' dir='ltr'>plum,</span> <span class='ocrx_word' id='word_1_344' title='bbox 1857 2516 1978 2578; x_wconf 77' lang='lat' dir='ltr'>quod</span> <span class='ocrx_word' id='word_1_345' title='bbox 2001 2519 2162 2565; x_wconf 71' lang='lat' dir='ltr'>vocant</span> <span class='ocrx_word' id='word_1_346' title='bbox 2181 2514 2381 2565; x_wconf 77' lang='lat' dir='ltr'>Nemus.</span> <span class='ocrx_word' id='word_1_347' title='bbox 2406 2516 2560 2568; x_wconf 85' lang='lat' dir='ltr'>Quod</span> <span class='ocrx_word' id='word_1_348' title='bbox 2580 2517 2744 2568; x_wconf 85' lang='lat' dir='ltr'>etSal-</span> 
     </span>
     <span class='ocr_line' id='line_1_65' title="bbox 1690 2590 2742 2645; baseline 0.004 -8"><span class='ocrx_word' id='word_1_349' title='bbox 1690 2591 1852 2638; x_wconf 85' lang='lat' dir='ltr'>masio</span> <span class='ocrx_word' id='word_1_350' title='bbox 1874 2590 2027 2639; x_wconf 88' lang='lat' dir='ltr'>video</span> <span class='ocrx_word' id='word_1_351' title='bbox 2054 2591 2104 2639; x_wconf 91' lang='lat' dir='ltr'>in</span> <span class='ocrx_word' id='word_1_352' title='bbox 2129 2598 2355 2640; x_wconf 88' lang='lat' dir='ltr'>mentem</span> <span class='ocrx_word' id='word_1_353' title='bbox 2382 2594 2605 2642; x_wconf 75' lang='lat' dir='ltr'>venisse.</span> <span class='ocrx_word' id='word_1_354' title='bbox 2649 2593 2742 2645; x_wconf 77' lang='lat' dir='ltr'>Qui</span> 
     </span>
     <span class='ocr_line' id='line_1_66' title="bbox 1691 2666 2746 2732; baseline 0.003 -16"><span class='ocrx_word' id='word_1_355' title='bbox 1691 2675 1747 2717; x_wconf 89' lang='lat' dir='ltr'>et</span> <span class='ocrx_word' id='word_1_356' title='bbox 1767 2668 1817 2716; x_wconf 92' lang='lat' dir='ltr'>in</span> <span class='ocrx_word' id='word_1_357' title='bbox 1834 2666 2005 2717; x_wconf 83' lang='lat' dir='ltr'>verbis</span> <span class='ocrx_word' id='word_1_358' title='bbox 2018 2667 2407 2732; x_wconf 87' lang='lat' dir='ltr'>Strabonis,pro</span> <span class='ocrx_word' id='word_1_359' title='bbox 2421 2668 2746 2727; x_wconf 66' lang='grc' dir='ltr'>ἀναβαίνουσα</span> 
     </span>
     <span class='ocr_line' id='line_1_67' title="bbox 1687 2740 2746 2807; baseline 0.004 -15"><span class='ocrx_word' id='word_1_360' title='bbox 1687 2740 1752 2793; x_wconf 73' lang='grc' dir='ltr'>εἰς</span> <span class='ocrx_word' id='word_1_361' title='bbox 1767 2741 2096 2807; x_wconf 70' lang='grc' dir='ltr'><strong><em>τῆςἈρικίνης</em></strong></span> <span class='ocrx_word' id='word_1_362' title='bbox 2109 2743 2246 2807; x_wconf 71' lang='grc' dir='ltr'><strong><em>ἱερὸν,</em></strong></span> <span class='ocrx_word' id='word_1_363' title='bbox 2268 2750 2415 2794; x_wconf 82' lang='lat' dir='ltr'>recte</span> <span class='ocrx_word' id='word_1_364' title='bbox 2439 2747 2746 2807; x_wconf 70' lang='lat' dir='ltr'>emendavit,</span> 
     </span>
     <span class='ocr_line' id='line_1_68' title="bbox 1686 2816 2745 2885; baseline 0.004 -18"><span class='ocrx_word' id='word_1_365' title='bbox 1686 2816 2048 2878; x_wconf 74' lang='grc' dir='ltr'><strong><em>ἀναβαινούσης.</em></strong></span> <span class='ocrx_word' id='word_1_366' title='bbox 2094 2822 2188 2879; x_wconf 77' lang='grc' dir='ltr'>Τῆς</span> <span class='ocrx_word' id='word_1_367' title='bbox 2210 2818 2261 2869; x_wconf 79' lang='grc' dir='ltr'>δὲ</span> <span class='ocrx_word' id='word_1_368' title='bbox 2280 2820 2516 2884; x_wconf 73' lang='grc' dir='ltr'>Ἀρικίνης</span> <span class='ocrx_word' id='word_1_369' title='bbox 2535 2822 2593 2872; x_wconf 71' lang='grc' dir='ltr'>τὸ</span> <span class='ocrx_word' id='word_1_370' title='bbox 2615 2821 2745 2885; x_wconf 57' lang='lat' dir='ltr'>isph-</span> 
     </span>
     <span class='ocr_line' id='line_1_69' title="bbox 1685 2896 2744 2950; baseline 0.001 -1"><span class='ocrx_word' id='word_1_371' title='bbox 1685 2896 1862 2949; x_wconf 80' lang='lat' dir='ltr'>Quare</span> <span class='ocrx_word' id='word_1_372' title='bbox 1887 2898 1962 2947; x_wconf 91' lang='lat' dir='ltr'>sic</span> <span class='ocrx_word' id='word_1_373' title='bbox 1986 2897 2320 2947; x_wconf 84' lang='lat' dir='ltr'>vertendum:</span> <span class='ocrx_word' id='word_1_374' title='bbox 2354 2901 2371 2926; x_wconf 87' lang='lat'>‘</span> <span class='ocrx_word' id='word_1_375' title='bbox 2396 2901 2639 2950; x_wconf 89' lang='lat' dir='ltr'>Dianium</span> <span class='ocrx_word' id='word_1_376' title='bbox 2662 2916 2744 2950; x_wconf 89' lang='lat' dir='ltr'>au·</span> 
     </span>
     <span class='ocr_line' id='line_1_70' title="bbox 1686 2974 2743 3038; baseline 0.004 -16"><span class='ocrx_word' id='word_1_377' title='bbox 1686 2979 1810 3034; x_wconf 86' lang='lat' dir='ltr'>tem,</span> <span class='ocrx_word' id='word_1_378' title='bbox 1842 2974 1976 3038; x_wconf 89' lang='lat' dir='ltr'>quod</span> <span class='ocrx_word' id='word_1_379' title='bbox 2001 2981 2188 3024; x_wconf 88' lang='lat' dir='ltr'>vocant</span> <span class='ocrx_word' id='word_1_380' title='bbox 2210 2989 2413 3038; x_wconf 86' lang='lat' dir='ltr'>nemus,</span> <span class='ocrx_word' id='word_1_381' title='bbox 2449 2978 2501 3026; x_wconf 90' lang='lat' dir='ltr'>iu</span> <span class='ocrx_word' id='word_1_382' title='bbox 2540 2979 2743 3029; x_wconf 79' lang='lat' dir='ltr'>sinistra</span> 
     </span>
     <span class='ocr_line' id='line_1_71' title="bbox 1688 3051 2744 3115; baseline 0.008 -18"><span class='ocrx_word' id='word_1_383' title='bbox 1688 3058 1837 3112; x_wconf 85' lang='lat' dir='ltr'>parte</span> <span class='ocrx_word' id='word_1_384' title='bbox 1864 3051 1960 3098; x_wconf 78' lang='lat' dir='ltr'>viae</span> <span class='ocrx_word' id='word_1_385' title='bbox 1984 3060 2065 3099; x_wconf 89' lang='lat' dir='ltr'>est</span> <span class='ocrx_word' id='word_1_386' title='bbox 2088 3066 2189 3115; x_wconf 87' lang='lat' dir='ltr'>qua</span> <span class='ocrx_word' id='word_1_387' title='bbox 2211 3066 2277 3101; x_wconf 82' lang='lat' dir='ltr'>ex</span> <span class='ocrx_word' id='word_1_388' title='bbox 2302 3052 2482 3103; x_wconf 84' lang='lat' dir='ltr'>Aricia</span> <span class='ocrx_word' id='word_1_389' title='bbox 2504 3069 2744 3105; x_wconf 86' lang='lat' dir='ltr'>conscen-</span> 
     </span>
     <span class='ocr_line' id='line_1_72' title="bbox 1684 3126 2746 3190; baseline 0.008 -16"><span class='ocrx_word' id='word_1_390' title='bbox 1684 3126 1838 3177; x_wconf 88' lang='lat' dir='ltr'>ditur.</span> <span class='ocrx_word' id='word_1_391' title='bbox 1906 3127 2104 3190; x_wconf 84' lang='lat' dir='ltr'>Estque</span> <span class='ocrx_word' id='word_1_392' title='bbox 2134 3128 2321 3177; x_wconf 77' lang='lat' dir='ltr'>Dianae</span> <span class='ocrx_word' id='word_1_393' title='bbox 2349 3127 2589 3181; x_wconf 83' lang='lat' dir='ltr'>Aricinae</span> <span class='ocrx_word' id='word_1_394' title='bbox 2624 3138 2746 3180; x_wconf 76' lang='lat' dir='ltr'>tem-</span> 
     </span>
     <span class='ocr_line' id='line_1_73' title="bbox 1682 3203 2741 3272; baseline 0.006 -20"><span class='ocrx_word' id='word_1_395' title='bbox 1682 3203 1859 3267; x_wconf 85' lang='lat' dir='ltr'>plum.’</span> <span class='ocrx_word' id='word_1_396' title='bbox 1915 3205 2105 3255; x_wconf 88' lang='lat' dir='ltr'>Strabo</span> <span class='ocrx_word' id='word_1_397' title='bbox 2127 3206 2266 3255; x_wconf 87' lang='lat' dir='ltr'>enim</span> <span class='ocrx_word' id='word_1_398' title='bbox 2283 3206 2363 3255; x_wconf 86' lang='lat' dir='ltr'>his</span> <span class='ocrx_word' id='word_1_399' title='bbox 2383 3208 2560 3258; x_wconf 83' lang='lat' dir='ltr'>verbis</span> <span class='ocrx_word' id='word_1_400' title='bbox 2584 3210 2741 3272; x_wconf 81' lang='lat' dir='ltr'>expli·</span> 
     </span>
     <span class='ocr_line' id='line_1_74' title="bbox 1681 3281 2743 3346; baseline 0.005 -17"><span class='ocrx_word' id='word_1_401' title='bbox 1681 3287 1770 3329; x_wconf 88' lang='lat' dir='ltr'>cat</span> <span class='ocrx_word' id='word_1_402' title='bbox 1809 3295 1986 3330; x_wconf 86' lang='lat' dir='ltr'>vocem</span> <span class='ocrx_word' id='word_1_403' title='bbox 2033 3281 2345 3346; x_wconf 67' lang='grc' dir='ltr'>Ἀρτεμισίου,</span> <span class='ocrx_word' id='word_1_404' title='bbox 2389 3283 2654 3346; x_wconf 88' lang='lat' dir='ltr'>Dianium,</span> <span class='ocrx_word' id='word_1_405' title='bbox 2692 3284 2743 3333; x_wconf 78' lang='lat' dir='ltr'>id</span> 
     </span>
     <span class='ocr_line' id='line_1_75' title="bbox 1680 3358 2743 3426; baseline 0.005 -21"><span class='ocrx_word' id='word_1_406' title='bbox 1680 3365 1782 3420; x_wconf 86' lang='lat' dir='ltr'>est,</span> <span class='ocrx_word' id='word_1_407' title='bbox 1806 3358 1993 3407; x_wconf 79' lang='lat' dir='ltr'>Dianae</span> <span class='ocrx_word' id='word_1_408' title='bbox 2021 3361 2291 3425; x_wconf 81' lang='lat' dir='ltr'>tempium,</span> <span class='ocrx_word' id='word_1_409' title='bbox 2310 3363 2411 3413; x_wconf 66' lang='grc' dir='ltr'>ὅτε.</span> <span class='ocrx_word' id='word_1_410' title='bbox 2484 3363 2599 3426; x_wconf 83' lang='lat' dir='ltr'>Ego</span> <span class='ocrx_word' id='word_1_411' title='bbox 2623 3364 2743 3413; x_wconf 82' lang='lat' dir='ltr'>oiim</span> 
     </span>
     <span class='ocr_line' id='line_1_76' title="bbox 1680 3434 2743 3489; baseline 0.004 -6"><span class='ocrx_word' id='word_1_412' title='bbox 1680 3434 2099 3485; x_wconf 80' lang='lat' dir='ltr'>existimaveram</span> <span class='ocrx_word' id='word_1_413' title='bbox 2172 3437 2392 3487; x_wconf 85' lang='lat' dir='ltr'>aiteram</span> <span class='ocrx_word' id='word_1_414' title='bbox 2464 3440 2743 3489; x_wconf 81' lang='lat' dir='ltr'>lectionem</span> 
     </span>
     <span class='ocr_line' id='line_1_77' title="bbox 1680 3512 2742 3579; baseline 0.006 -20"><span class='ocrx_word' id='word_1_415' title='bbox 1680 3517 1817 3560; x_wconf 85' lang='lat' dir='ltr'>stare</span> <span class='ocrx_word' id='word_1_416' title='bbox 1841 3527 2013 3576; x_wconf 88' lang='lat' dir='ltr'>posse,</span> <span class='ocrx_word' id='word_1_417' title='bbox 2042 3512 2135 3562; x_wconf 82' lang='lat' dir='ltr'>sed</span> <span class='ocrx_word' id='word_1_418' title='bbox 2160 3512 2225 3562; x_wconf 79' lang='lat' dir='ltr'>d&#39;e</span> <span class='ocrx_word' id='word_1_419' title='bbox 2250 3515 2351 3563; x_wconf 83' lang='lat' dir='ltr'>aiio</span> <span class='ocrx_word' id='word_1_420' title='bbox 2375 3515 2599 3579; x_wconf 54' lang='lat' dir='ltr'>quodam</span> <span class='ocrx_word' id='word_1_421' title='bbox 2621 3514 2742 3564; x_wconf 79' lang='lat' dir='ltr'>fano</span> 
     </span>
     <span class='ocr_line' id='line_1_78' title="bbox 1680 3589 2741 3663; baseline 0.004 -25"><span class='ocrx_word' id='word_1_422' title='bbox 1680 3590 1869 3638; x_wconf 75' lang='lat' dir='ltr'>Dianae</span> <span class='ocrx_word' id='word_1_423' title='bbox 1896 3589 2055 3639; x_wconf 83' lang='lat' dir='ltr'>verba</span> <span class='ocrx_word' id='word_1_424' title='bbox 2077 3591 2166 3640; x_wconf 87' lang='lat' dir='ltr'>illa</span> <span class='ocrx_word' id='word_1_425' title='bbox 2197 3590 2561 3663; x_wconf 67' lang='lat' dir='ltr'>intelligenda,</span> <span class='ocrx_word' id='word_1_426' title='bbox 2583 3593 2741 3656; x_wconf 76' lang='lat' dir='ltr'>‘quasi</span> 
     </span>
    </p>
   </div>
   <div class='ocr_carea' id='block_1_11' title="bbox 2831 3590 2867 3623">
    <p class='ocr_par' dir='ltr' id='par_1_15' title="bbox 2831 3590 2867 3623">
     <span class='ocr_line' id='line_1_79' title="bbox 2831 3590 2867 3623; baseline 0 0"><span class='ocrx_word' id='word_1_427' title='bbox 2831 3590 2867 3623; x_wconf 62' lang='grc' dir='ltr'>ὲ</span> 
     </span>
    </p>
   </div>
   <div class='ocr_carea' id='block_1_12' title="bbox 1673 3658 2863 3733">
    <p class='ocr_par' dir='ltr' id='par_1_16' title="bbox 1673 3658 2863 3733">
     <span class='ocr_line' id='line_1_80' title="bbox 1673 3658 2863 3733; baseline 0.007 -20"><span class='ocrx_word' id='word_1_428' title='bbox 1673 3665 1887 3716; x_wconf 80' lang='lat' dir='ltr'>dixisset</span> <span class='ocrx_word' id='word_1_429' title='bbox 1929 3668 2137 3725; x_wconf 83' lang='lat' dir='ltr'>Strabo,</span> <span class='ocrx_word' id='word_1_430' title='bbox 2190 3658 2391 3718; x_wconf 65' lang='lat' dir='ltr'>Ne&#39;mus</span> <span class='ocrx_word' id='word_1_431' title='bbox 2431 3668 2581 3731; x_wconf 82' lang='lat' dir='ltr'>iilud,</span> <span class='ocrx_word' id='word_1_432' title='bbox 2627 3671 2739 3718; x_wconf 74' lang='lat' dir='ltr'>sive</span> <span class='ocrx_word' id='word_1_433' title='bbox 2766 3682 2816 3721; x_wconf 67' lang='lat'>⁸·-</span> <span class='ocrx_word' id='word_1_434' title='bbox 2858 3730 2863 3733; x_wconf 87' lang='lat'><em>.</em></span> 
     </span>
    </p>
   </div>
   <div class='ocr_carea' id='block_1_13' title="bbox 1666 3743 2739 4104">
    <p class='ocr_par' dir='ltr' id='par_1_17' title="bbox 1666 3743 2739 4104">
     <span class='ocr_line' id='line_1_81' title="bbox 1672 3743 2738 3815; baseline 0.003 -24"><span class='ocrx_word' id='word_1_435' title='bbox 1672 3743 1921 3807; x_wconf 84' lang='lat' dir='ltr'>tempium</span> <span class='ocrx_word' id='word_1_436' title='bbox 1964 3744 2146 3815; x_wconf 60' lang='lat' dir='ltr'>Diana}</span> <span class='ocrx_word' id='word_1_437' title='bbox 2172 3745 2529 3808; x_wconf 82' lang='lat' dir='ltr'>Nemorensis,</span> <span class='ocrx_word' id='word_1_438' title='bbox 2551 3761 2660 3795; x_wconf 81' lang='lat' dir='ltr'>esse</span> <span class='ocrx_word' id='word_1_439' title='bbox 2684 3748 2738 3794; x_wconf 86' lang='lat' dir='ltr'>iu</span> 
     </span>
     <span class='ocr_line' id='line_1_82' title="bbox 1666 3820 2739 3887; baseline 0.002 -19"><span class='ocrx_word' id='word_1_440' title='bbox 1666 3820 1874 3869; x_wconf 86' lang='lat' dir='ltr'>sinistra</span> <span class='ocrx_word' id='word_1_441' title='bbox 1893 3831 2039 3886; x_wconf 88' lang='lat' dir='ltr'>parte</span> <span class='ocrx_word' id='word_1_442' title='bbox 2058 3824 2175 3878; x_wconf 68' lang='lat' dir='ltr'>viae,</span> <span class='ocrx_word' id='word_1_443' title='bbox 2194 3836 2298 3887; x_wconf 87' lang='lat' dir='ltr'>qua</span> <span class='ocrx_word' id='word_1_444' title='bbox 2315 3822 2380 3872; x_wconf 82' lang='lat' dir='ltr'>ad</span> <span class='ocrx_word' id='word_1_445' title='bbox 2400 3821 2577 3871; x_wconf 79' lang='lat' dir='ltr'>fanum</span> <span class='ocrx_word' id='word_1_446' title='bbox 2595 3822 2739 3871; x_wconf 87' lang='lat' dir='ltr'>aliud</span> 
     </span>
     <span class='ocr_line' id='line_1_83' title="bbox 1670 3896 2738 3964; baseline 0.001 -19"><span class='ocrx_word' id='word_1_447' title='bbox 1670 3896 1900 3960; x_wconf 84' lang='lat' dir='ltr'>ejusdem</span> <span class='ocrx_word' id='word_1_448' title='bbox 1915 3898 2103 3947; x_wconf 82' lang='lat' dir='ltr'>Dianae</span> <span class='ocrx_word' id='word_1_449' title='bbox 2116 3899 2738 3964; x_wconf 84' lang='lat' dir='ltr'>conscendebatur,quod</span> 
     </span>
     <span class='ocr_line' id='line_1_84' title="bbox 1670 3971 2737 4038; baseline 0.003 -17"><span class='ocrx_word' id='word_1_450' title='bbox 1670 3971 1845 4022; x_wconf 80' lang='lat' dir='ltr'>fanum</span> <span class='ocrx_word' id='word_1_451' title='bbox 1885 3973 1949 4022; x_wconf 91' lang='lat' dir='ltr'>ad</span> <span class='ocrx_word' id='word_1_452' title='bbox 1987 3973 2224 4024; x_wconf 85' lang='lat' dir='ltr'>dextram</span> <span class='ocrx_word' id='word_1_453' title='bbox 2265 3975 2499 4038; x_wconf 74' lang='lat' dir='ltr'>ejusdem</span> <span class='ocrx_word' id='word_1_454' title='bbox 2532 3977 2625 4025; x_wconf 77' lang='lat' dir='ltr'>viae</span> <span class='ocrx_word' id='word_1_455' title='bbox 2665 3978 2737 4024; x_wconf 82' lang='lat' dir='ltr'>si-</span> 
     </span>
     <span class='ocr_line' id='line_1_85' title="bbox 1671 4050 2738 4104; baseline 0.002 -3"><span class='ocrx_word' id='word_1_456' title='bbox 1671 4058 1778 4101; x_wconf 88' lang='lat' dir='ltr'>tum</span> <span class='ocrx_word' id='word_1_457' title='bbox 1800 4050 1980 4101; x_wconf 86' lang='lat' dir='ltr'>fuerit.</span> <span class='ocrx_word' id='word_1_458' title='bbox 2028 4052 2181 4104; x_wconf 86' lang='lat' dir='ltr'>Nunc</span> <span class='ocrx_word' id='word_1_459' title='bbox 2207 4067 2331 4101; x_wconf 84' lang='lat' dir='ltr'>vero</span> <span class='ocrx_word' id='word_1_460' title='bbox 2355 4054 2590 4104; x_wconf 82' lang='lat' dir='ltr'>Salmasii</span> <span class='ocrx_word' id='word_1_461' title='bbox 2611 4068 2738 4103; x_wconf 84' lang='lat' dir='ltr'>cou-</span> 
     </span>
    </p>
   </div>
   <div class='ocr_carea' id='block_1_14' title="bbox 523 4117 2587 4197">
    <p class='ocr_par' dir='ltr' id='par_1_18' title="bbox 523 4117 2587 4197">
     <span class='ocr_line' id='line_1_86' title="bbox 523 4117 2587 4197; baseline 0.01 -30"><span class='ocrx_word' id='word_1_462' title='bbox 523 4117 624 4170; x_wconf 77' lang='lat' dir='ltr'>fnit</span> <span class='ocrx_word' id='word_1_463' title='bbox 645 4121 801 4172; x_wconf 77' lang='lat' dir='ltr'>arbor</span> <span class='ocrx_word' id='word_1_464' title='bbox 814 4125 1049 4188; x_wconf 76' lang='lat' dir='ltr'>quaedam</span> <span class='ocrx_word' id='word_1_465' title='bbox 1066 4127 1130 4177; x_wconf 83' lang='lat' dir='ltr'>de</span> <span class='ocrx_word' id='word_1_466' title='bbox 1150 4146 1252 4195; x_wconf 78' lang='lat' dir='ltr'>qna</span> <span class='ocrx_word' id='word_1_467' title='bbox 1275 4131 1482 4197; x_wconf 81' lang='lat' dir='ltr'>infringi</span> <span class='ocrx_word' id='word_1_468' title='bbox 1507 4148 1587 4182; x_wconf 77' lang='lat' dir='ltr'>ra·</span> <span class='ocrx_word' id='word_1_469' title='bbox 1656 4129 1919 4190; x_wconf 65' lang='lat' dir='ltr'>jacturam</span> <span class='ocrx_word' id='word_1_470' title='bbox 1942 4129 2089 4177; x_wconf 79' lang='lat' dir='ltr'>unice</span> <span class='ocrx_word' id='word_1_471' title='bbox 2117 4131 2425 4191; x_wconf 76' lang='lat' dir='ltr'>amplector·</span> <span class='ocrx_word' id='word_1_472' title='bbox 2463 4131 2587 4181; x_wconf 76' lang='lat' dir='ltr'>Dae-</span> 
     </span>
    </p>
   </div>
   <div class='ocr_carea' id='block_1_15' title="bbox 523 4200 1625 4260">
    <p class='ocr_par' dir='ltr' id='par_1_19' title="bbox 523 4200 1625 4260">
     <span class='ocr_line' id='line_1_87' title="bbox 523 4200 1625 4260; baseline 0.016 -17"><span class='ocrx_word' id='word_1_473' title='bbox 523 4209 664 4245; x_wconf 83' lang='lat' dir='ltr'>mum</span> <span class='ocrx_word' id='word_1_474' title='bbox 687 4211 787 4248; x_wconf 90' lang='lat' dir='ltr'>uon</span> <span class='ocrx_word' id='word_1_475' title='bbox 811 4200 1035 4254; x_wconf 83' lang='lat' dir='ltr'>licebat:</span> <span class='ocrx_word' id='word_1_476' title='bbox 1061 4204 1282 4256; x_wconf 88' lang='lat' dir='ltr'>dabatur</span> <span class='ocrx_word' id='word_1_477' title='bbox 1310 4218 1483 4259; x_wconf 80' lang='lat' dir='ltr'>autem</span> <span class='ocrx_word' id='word_1_478' title='bbox 1509 4209 1588 4260; x_wconf 84' lang='lat' dir='ltr'>fu·</span> <span class='ocrx_word' id='word_1_479' title='bbox 1620 4204 1625 4209; x_wconf 65' lang='grc'>’</span> 
     </span>
    </p>
   </div>
   <div class='ocr_carea' id='block_1_16' title="bbox 526 4274 1581 4349">
    <p class='ocr_par' dir='ltr' id='par_1_20' title="bbox 526 4274 1581 4349">
     <span class='ocr_line' id='line_1_88' title="bbox 526 4274 1581 4349; baseline 0.019 -29"><span class='ocrx_word' id='word_1_480' title='bbox 526 4274 701 4335; x_wconf 78' lang='lat' dir='ltr'>gitivia</span> <span class='ocrx_word' id='word_1_481' title='bbox 724 4285 975 4342; x_wconf 88' lang='lat' dir='ltr'>potestas,</span> <span class='ocrx_word' id='word_1_482' title='bbox 1002 4289 1062 4332; x_wconf 90' lang='lat' dir='ltr'>ut</span> <span class='ocrx_word' id='word_1_483' title='bbox 1085 4283 1127 4333; x_wconf 85' lang='lat' dir='ltr'>si</span> <span class='ocrx_word' id='word_1_484' title='bbox 1153 4286 1268 4349; x_wconf 84' lang='lat' dir='ltr'>quis</span> <span class='ocrx_word' id='word_1_485' title='bbox 1292 4288 1479 4338; x_wconf 70' lang='lat' dir='ltr'>exinde</span> <span class='ocrx_word' id='word_1_486' title='bbox 1503 4303 1581 4339; x_wconf 86' lang='lat' dir='ltr'>ra·</span> 
     </span>
    </p>
   </div>
   <div class='ocr_carea' id='block_1_17' title="bbox 1665 4202 2739 4349">
    <p class='ocr_par' dir='ltr' id='par_1_21' title="bbox 1665 4202 2739 4349">
     <span class='ocr_line' id='line_1_89' title="bbox 1736 4202 2739 4271; baseline 0 -17"><span class='ocrx_word' id='word_1_487' title='bbox 1736 4202 1759 4236; x_wconf 74' lang='lat'>¹¹</span> <span class='ocrx_word' id='word_1_488' title='bbox 1794 4206 1946 4255; x_wconf 75' lang='lat' dir='ltr'>Multi</span> <span class='ocrx_word' id='word_1_489' title='bbox 1967 4206 2127 4255; x_wconf 78' lang='grc' dir='ltr'><strong><em>Μιιηίἰ</em></strong></span> <span class='ocrx_word' id='word_1_490' title='bbox 2147 4205 2353 4271; x_wconf 75' lang='lat' dir='ltr'>Aricioe]</span> <span class='ocrx_word' id='word_1_491' title='bbox 2388 4207 2505 4259; x_wconf 82' lang='lat' dir='ltr'>Hoc</span> <span class='ocrx_word' id='word_1_492' title='bbox 2538 4216 2634 4268; x_wconf 74' lang='lat' dir='ltr'>est,</span> <span class='ocrx_word' id='word_1_493' title='bbox 2676 4213 2739 4255; x_wconf 86' lang='lat' dir='ltr'>ut</span> 
     </span>
     <span class='ocr_line' id='line_1_90' title="bbox 1665 4281 2735 4349; baseline 0.002 -19"><span class='ocrx_word' id='word_1_494' title='bbox 1665 4281 2041 4347; x_wconf 86' lang='lat' dir='ltr'>interpretatur</span> <span class='ocrx_word' id='word_1_495' title='bbox 2064 4283 2267 4349; x_wconf 85' lang='lat' dir='ltr'>Festus,</span> <span class='ocrx_word' id='word_1_496' title='bbox 2290 4285 2440 4335; x_wconf 76' lang='lat' dir='ltr'>multi</span> <span class='ocrx_word' id='word_1_497' title='bbox 2477 4285 2601 4336; x_wconf 84' lang='lat' dir='ltr'>clari</span> <span class='ocrx_word' id='word_1_498' title='bbox 2630 4284 2735 4332; x_wconf 69' lang='lat' dir='ltr'>riri</span> 
     </span>
    </p>
   </div>
  </div>
 </body>
</html>
