3020 4853
573 347 705 422 880

1244 369 1468 419 sssxwl
1522 370 1830 421 Poupsstl
1884 374 2094 424 Fsssrl

661 510 818 591 goni
848 508 1004 588 filia,
1052 531 1251 594 quam
1300 512 1582 581 Tusculi
1633 528 2121 600 procreaverat,
2165 522 2539 605 quandoid
2571 531 2751 615 oppi-

662 612 819 678 dum
846 613 998 698 ipse
1028 616 1459 684 condidisset.
1488 625 1545 655 ²0

503 787 524 814 ,ἢ
575 713 1009 798 Mamphula‘
1047 720 1422 804 appellatur
1470 724 1668 807 panis
1726 725 1986 809 Syriaci
2035 747 2263 810 genuS‚
2294 731 2501 816 quod,
2546 740 2621 797 ut
2664 733 2753 798 ait

660 816 961 898 Verrius,
1009 821 1077 887 in
1121 823 1384 890 clibano
1441 833 1613 899 ante,
1660 848 1861 912 quam
1907 839 2373 916 percoquatur,
2414 834 2669 901 decidit
2692 837 2754 900 in

658 923 979 990 carbones
1030 927 1476 1012 cineremque,
1526 930 1717 1014 cujus
1769 932 2066 999 meminit
2097 934 2462 1002 Lucilius:
2528 937 2753 1004 Pistri-

659 1043 805 1089 cem
833 1026 1121 1105 validam
1149 1038 1167 1070 ¹
1203 1030 1263 1095 si
1290 1034 1539 1098 nummi
1571 1034 2125 1118 suppeditabunt,
2149 1036 2383 1106 Addas
2405 1047 2432 1076 ²
2460 1041 2747 1126 empleu-

643 1145 802 1198 ron,
831 1130 1246 1214 mamphulas
1277 1153 1432 1218 quae
1464 1135 1643 1202 sciat
1674 1156 1928 1203 omnes,

578 1226 938 1313 Mamphur
959 1240 978 1280 ³
1000 1241 1026 1269 ¹¹
1067 1236 1445 1320 appellatur
1473 1239 1623 1306 loro
1647 1241 2196 1310 circumvolutum
2227 1245 2589 1314 mediocris
2616 1246 2746 1312 lon·

1487 1423 1665 1444 eeeee

1670 1411 1849 1444 emec

581 1581 584 1590 ·
637 1552 703 1599 20
736 1551 879 1602 Vett.
900 1553 1024 1606 libb.
1045 1563 1117 1606 est
1137 1559 1486 1621 appeltam—1
1532 1560 1778 1614 Ed.8cal.
1800 1563 2072 1614 validm-2
2106 1563 2328 1615 Quidam
2369 1565 2450 1615 vir
2485 1564 2666 1617 doctus
2699 1565 2744 1613 iu

571 1628 733 1682 marg.
755 1617 837 1668 ed.
861 1618 998 1672 Scal.
1024 1623 1238 1688 conjicit
1258 1623 1450 1674 Addam
1479 1627 1561 1676 vel
1597 1629 1657 1676 ad
1687 1629 1990 1680 classem—3
2026 1627 2108 1679 Id.
2126 1629 2175 1679 ln
2201 1631 2315 1680 ead.
2334 1631 2469 1696 conj.
2501 1631 2749 1697 Min-phur.

1561 1812 1774 1864 NOTAE

571 1934 774 1999 Ulyssis
799 1945 851 1988 et
875 1937 1053 1990 Circes
1085 1940 1212 2004 filio,
1243 1957 1403 2007 genus
1427 1944 1622 1997 ducere

569 2010 860 2071 dicebatur,
886 2015 1059 2067 Livius
1092 2018 1184 2068 lib.
1212 2033 1252 2070 1.
1281 2021 1500 2086 Dionys.
1536 2023 1622 2074 lib.

568 2100 651 2137 ιν.
687 2089 893 2141 Primus
911 2092 1036 2143 civis
1065 2095 1320 2147 Romanus
1342 2113 1408 2148 ex
1431 2099 1527 2150 hac
1549 2099 1622 2151 fa·

568 2163 710 2215 milia
733 2166 793 2217 1..
817 2168 1098 2228 Mamilius.
1120 2172 1185 2224 C.
1204 2173 1418 2232 Nautio,
1440 2176 1499 2226 1..
1522 2178 1622 2228 Mi-

568 2241 725 2292 nucio
747 2243 889 2293 Coss.
923 2246 1035 2297 Liv.
1073 2248 1163 2302 lib.
1187 2263 1275 2302 nr.
1319 2252 1453 2304 Vide
1478 2257 1492 2280 ‘
1514 2254 1622 2305 Oc·

566 2316 721 2368 tober
742 2321 939 2384 equus.'
962 2323 1084 2374 Ant.
1105 2325 1236 2388 Aug.

628 2397 1182 2469 Mmuiommfamilia]
1234 2405 1466 2459 Mamilia
1495 2423 1621 2475 gens

562 2474 781 2528 Plebeia
815 2477 932 2541 fuit,
953 2490 1009 2533 et
1045 2497 1076 2532 a
1116 2483 1347 2541 Mamilia
1376 2487 1624 2553 Telegoni

563 2550 668 2602 filia
682 2569 867 2607 nomen
882 2566 940 2608 et
952 2560 1203 2625 originem
1226 2564 1436 2615 traxisse
1457 2567 1624 2631 scrip-

565 2635 706 2680 tores
727 2630 836 2683 fere
858 2648 1036 2687 omnes
1059 2640 1404 2692 consentiunt.
1467 2643 1622 2694 Tele-

564 2709 731 2771 genus
767 2718 937 2763 autem
974 2712 1178 2780 Ulyssis
1199 2727 1255 2768 et
1289 2719 1464 2770 Circes
1485 2719 1620 2773 filius

562 2783 836 2837 Tusculum
884 2790 936 2838 in
991 2792 1140 2844 Latio
1183 2795 1438 2860 condidit,
1480 2798 1618 2863 quod

559 2860 679 2912 ideo
710 2864 964 2916 Circaeum
996 2871 1198 2925 vocavit
1226 2872 1412 2928 Horat.
1461 2877 1477 2905 ‘
1505 2875 1619 2928 Nec

561 2943 621 2987 ut
642 2942 848 3003 superui
874 2943 991 2994 villa
1026 2947 1252 2998 candens
1281 2951 1490 3003 Tusculi
1509 2953 1621 3005 cir·

563 3028 671 3064 caea
692 3024 871 3080 tangat
894 3022 1116 3074 moenia.'
1149 3025 1276 3077 Duc.

624 3094 642 3126 ¹
673 3093 976 3161 Memphin]
1011 3099 1121 3163 Ego
1150 3103 1256 3152 scio
1288 3104 1341 3154 in
1368 3105 1619 3159 Hebraeo·

561 3182 676 3218 rum
698 3176 1075 3226 commentariis
1095 3179 1331 3243 Maspha!
1351 3197 1463 3235 esse
1479 3199 1619 3235 man·

560 3244 731 3310 cipem
784 3249 1133 3318 pistrinorum,
1189 3258 1528 3323 depravatum
1587 3280 1618 3315 a

559 3321 746 3386 Graeco
762 3327 1056 3388 μονοτόλης.
1092 3333 1274 3400 Neque
1289 3335 1472 3391 dubito
1491 3343 1616 3407 quin

557 3398 838 3463 Mmplmla
875 3404 928 3454 in
969 3406 1211 3460 traduces
1248 3412 1478 3478 Syriaca
1521 3418 1615 3468 lin-

560 3490 676 3539 guae
711 3493 777 3528 ex
816 3484 1033 3534 matrice
1077 3486 1290 3540 Graecia
1331 3502 1616 3556 propagata

555 3554 640 3606 sit.
738 3557 825 3609 Sic
879 3560 930 3610 in
984 3563 1204 3614 Daniele
1265 3566 1616 3625 vetustissimo

555 3631 811 3699 scriptore
833 3636 1071 3689 Graecum
1102 3650 1183 3693 est
1218 3644 1492 3699 Psauterlu
1518 3664 1615 3714 pro

554 3712 830 3774 psalterio:
879 3716 952 3766 sic
982 3717 1033 3767 in
1071 3719 1498 3788 Paralipomeuis,
1523 3741 1614 3779 seu

554 3789 845 3854 Chronicis,
868 3794 1095 3857 Rapsod.
1120 3796 1247 3860 παρὰ
1276 3798 1336 3850 τὸ
1370 3801 1615 3866 ῥαψῳδεῖν.

553 3866 751 3917 Versus
789 3870 972 3923 Lucilii
1000 3872 1074 3922 ita
1109 3874 1301 3940 legito:
1354 3879 1615 3934 Pistricem

553 3942 759 3994 validam
780 3946 823 3994 si
844 3950 1022 3999 nummu
1040 3954 1423 4021 suppeditabunt,
1441 3957 1613 4011 Aaou

549 4022 833 4084 empleuron,
854 4025 1145 4087 mamphulas
1164 4045 1268 4093 quoe
1287 4032 1411 4081 sciat
1433 4049 1611 4088 onmes.

550 4094 673 4161 Non
703 4096 884 4154 solum,
912 4102 1129 4153 validam
1161 4106 1299 4171 dico,
1324 4109 1436 4171 sed,
1471 4114 1608 4179 quod

550 4172 712 4234 magis
736 4180 836 4237 est,
859 4172 1136 4243 ἔμπλενρον.
1171 4184 1278 4235 dos.
1300 4185 1433 4239 Scal-

565 4312 572 4324 ι
613 4250 913 4323 Mammula]
956 4258 1134 4313 Genus
1175 4266 1346 4327 operis
1387 4266 1608 4331 pistorii.

1704 1947 1895 1997 Versus
1929 1948 2145 1999 Lucilii:
2183 1947 2444 2000 Pistricem
2476 1948 2678 1997 validm
2710 1948 2749 1996 si

1703 2025 1885 2074 nummi
1901 2024 2281 2088 suppeditabunt,
2293 2023 2464 2074 Aridus
2473 2022 2747 2085 ἔμπλενρυ,

1702 2101 1989 2166 mptum
2008 2117 2114 2167 qaoe
2132 2102 2250 2154 sciat
2269 2116 2449 2152 onam.
2508 2101 2628 2152 Hoc
2644 2109 2749 2150 est:

1700 2180 1716 2208 ⁸
1738 2179 1794 2230 Si
1829 2181 2019 2230 nummi
2053 2179 2466 2245 suppeditabunt
2500 2178 2749 2244 pistricem

1704 2254 1943 2319 validam,
1979 2257 2131 2307 immo
2166 2266 2240 2320 et,
2278 2256 2417 2322 quod
2461 2257 2628 2320 magis
2661 2263 2750 2318 est,

1703 2330 1981 2397 ἔμπλευρον,
2033 2348 2149 2399 quae
2214 2334 2349 2383 sciat
2414 2334 2754 2398 omnigeneris

1702 2411 2019 2476 mamphulas
2040 2409 2270 2470 condire,
2292 2407 2542 2461 efficere!
2610 2409 2752 2460 Hune

1700 2489 1868 2541 locum
1892 2489 2078 2543 Lucilii
2098 2489 2358 2541 intellexit
2380 2489 2552 2541 Varro
2575 2488 2663 2538 lib.
2680 2502 2752 2537 iv.

1702 2565 1768 2616 de
1790 2567 1848 2617 L.
1868 2566 1932 2617 L.
1966 2569 1981 2596 ⁴
2003 2566 2133 2618 Inde
2159 2567 2324 2632 pistor
2346 2566 2427 2616 vel
2454 2567 2639 2617 Lucilii
2662 2567 2753 2635 pis·

1701 2645 1840 2696 trina
1873 2651 1928 2697 et
1964 2645 2183 2711 pistrix.'
2251 2646 2407 2696 Nunc
2444 2645 2572 2696 illud
2606 2660 2753 2710 nego·

1700 2722 1828 2772 tium
1866 2719 2095 2789 facessit,
2126 2737 2312 2788 nempe
2349 2722 2488 2788 quod
2526 2724 2752 2774 everrio

1699 2800 1832 2850 dicit
1853 2801 2039 2851 Festus
2070 2801 2384 2865 mamphulam
2415 2800 2610 2853 dictam
2638 2804 2753 2865 quad

1697 2878 1882 2930 decidat
1904 2878 1955 2929 in
1971 2877 2192 2929 carbones
2202 2893 2223 2936 ,·
2245 2885 2302 2930 et
2318 2891 2444 2928 sane
2469 2877 2753 2928 verisimilis

1700 2955 1961 3007 Francisci
1990 2956 2134 3008 Junii
2171 2954 2490 3018 conjectura,
2528 2956 2617 3020 qul
2639 2966 2751 3005 een-

1696 3042 1782 3086 set
1809 3048 1922 3085 esse
1960 3049 1991 3083 a
2030 3033 2188 3083 verbo
2220 3033 2430 3096 Napbal,
2466 3032 2520 3083 id
2552 3040 2653 3097 est,
2674 3047 2752 3082 ea-

1697 3109 1839 3160 dere.
1907 3110 2094 3175 Neque
2121 3108 2188 3159 ab
2219 3124 2281 3159 eo
2305 3109 2577 3160 dimovere
2599 3108 2751 3160 debet

1692 3187 1944 3251 Scaliger,
1977 3187 2065 3251 qui
2097 3191 2276 3236 censet
2308 3185 2665 3251 Mamplmlam
2702 3187 2751 3235 in

1695 3265 2039 3317 Hebraeorum
2065 3266 2451 3317 commentariis
2479 3281 2596 3317 esse
2621 3280 2753 3316 man·

1693 3344 1867 3407 cipem
1890 3344 2242 3409 pistrinorum,
2274 3358 2355 3408 ac,
2384 3350 2442 3394 ut
2465 3345 2632 3394 multa
2656 3343 2751 3393 alia

1697 3417 1931 3485 Syriaca,
1970 3420 2045 3470 ita
2075 3419 2173 3470 hoe
2209 3434 2241 3470 a
2275 3419 2469 3471 Graeco
2502 3418 2649 3471 fonte
2675 3434 2751 3469 re·

1694 3497 1828 3558 nire,
1863 3504 1988 3562 puta
2011 3511 2042 3546 a
2077 3496 2374 3558 μονοπόλης,
2405 3511 2523 3546 narn
2555 3503 2750 3547 certum

1696 3581 1777 3627 est
1800 3574 2147 3639 Mampllulam
2171 3574 2256 3624 hie
2280 3573 2481 3624 Lucilio
2510 3587 2613 3623 non
2653 3573 2750 3638 pis·

1695 3650 1899 3712 tricem,
1943 3649 2034 3700 sed
2076 3664 2206 3716 opus
2251 3651 2525 3716 pistorium
2564 3648 2751 3715 sigulfi<

1694 3741 1833 3778 care.
1882 3728 2168 3788 Praeterea,
2183 3733 2249 3777 ut
2271 3727 2467 3791 optime
2482 3728 2633 3777 Voss.
2657 3741 2748 3776 non

1694 3804 2025 3871 pistrinorum
2046 3803 2318 3863 duntaxat,
2336 3802 2428 3853 sed
2452 3804 2608 3855 etiam
2633 3803 2749 3854 alio-

1694 3896 1806 3931 rum
1852 3887 2001 3931 eraut
2054 3880 2367 3943 monopolia,
2423 3880 2658 3944 adeoque
2699 3880 2748 3928 iu

1695 3957 2036 4010 Hebraeorum
2076 3956 2462 4007 commentariis
2506 3955 2746 4021 mancipi·

1694 4038 1787 4089 bus
1812 4038 2145 4105 pistrinorum
2173 4050 2204 4085 a
2236 4036 2452 4100 pistorio
2474 4034 2571 4086 hoc
2594 4048 2743 4100 opere

1693 4116 2006 4179 Mampliulis
2032 4127 2217 4163 nomen
2254 4111 2413 4164 fuisse
2437 4113 2599 4178 magis
2623 4110 2741 4162 seri·

1692 4190 1858 4242 simile
1882 4197 1978 4240 est.
2010 4189 2135 4241 Duc.

1758 4279 1779 4302 ²¹
1815 4268 2095 4334 Man-phur]
2149 4267 2301 4321 Quod
2344 4276 2421 4319 est
2471 4268 2650 4332 sucula
2691 4266 2737 4316 iu
