3020 4853
504 376 599 446 18
1002 447 1007 452 ,
1263 393 1343 442 M.
1390 392 1659 447 vunnu
1710 393 1972 442 nmen

512 558 667 607 cum
710 556 843 603 rem
874 542 1127 621 gestam
1174 538 1432 602 senatui
1480 536 1876 616 nuntiasset,
1920 536 2268 621 placuisse
2314 536 2519 605 velari
2549 540 2698 605 loca

508 662 613 718 ea,
646 661 781 726 qua
809 654 1061 728 pompa
1093 640 1440 707 veheretur
1470 661 1488 709 ε
1537 646 1739 725 atque
1770 641 1869 706 ita
1913 645 2100 726 peste
2133 639 2364 704 sedata
2393 660 2694 724 puerum,

510 747 628 831 qui
678 746 1145 830 antiquitatem
1194 745 1390 810 sortis
1438 744 1844 825 absolverat,
1891 751 2064 828 togae
2107 749 2456 828 praetextae
2504 764 2695 810 usum

508 870 746 916 munus
779 849 1293 935 impetravisse.¹²

747 1075 878 1152 M.
947 1074 1320 1153 VERRII
1400 1075 1776 1152 FLACCI
1856 1074 2452 1153 SATURNUS.

588 1237 1258 1305 SATURNAmoRuM
1282 1239 1426 1304 dies
1456 1239 1641 1325 apud
1665 1239 1950 1306 Graecos
1973 1259 2246 1326 quoque
2276 1238 2434 1306 festi
2453 1234 2694 1302 liaben-

503 1348 661 1407 tur.⁰
1484 1374 1487 1379 ·

589 1445 899 1512 Dilucide
945 1468 1052 1512 me
1112 1447 1197 1513 de
1241 1447 1707 1514 constitutione
1756 1445 2290 1512 Saturnaliorum
2337 1438 2690 1528 scripsisse

504 1550 805 1615 arbitror.

585 1650 722 1716 Cur
753 1658 973 1719 autem
996 1653 1321 1722 Saturnus
1352 1654 1501 1739 ipse
1530 1655 1601 1718 in
1632 1652 2062 1738 compedibus
2094 1653 2375 1732 visatur,
2415 1652 2690 1718 Verrius

506 1751 801 1819 Flaccus
826 1775 1102 1822 causam
1132 1777 1204 1823 se
1235 1757 1535 1840 ignorare
1570 1755 1760 1844 dicit.

492 1930 497 1937 ,
584 1873 725 1919 xn.
773 1856 931 1939 Kal.
959 1860 1119 1925 Jan.
1175 1860 1357 1926 feriae
1403 1867 1557 1927 sunt
1599 1860 1776 1925 divas
1826 1858 2257 1942 Angeroniae,
2295 1860 2405 1926 cui
2452 1859 2690 1924 Ponti-

491 1959 652 2025 fices
707 1961 776 2023 in
822 1962 1073 2027 sacello
1116 1962 1437 2049 Volupiae
1489 1984 1753 2030 sacrum
1801 1964 2089 2031 faciunt:
2137 1983 2340 2046 quam
2401 1961 2684 2027 Verrius

494 2063 785 2139 Flaccus
815 2062 1269 2150 Angeroniam
1296 2067 1428 2132 dici
1457 2070 1596 2147 ait,
1627 2067 1808 2153 quod
1855 2085 2131 2151 angores
2177 2086 2259 2131 ac
2312 2065 2687 2133 animorum

485 2165 940 2234 solicitudines
965 2168 1334 2256 propitiata
1360 2169 1672 2259 depellat.

1060 2540 1189 2615 M.
1263 2537 1637 2614 VERRn
1724 2534 2106 2613 FLACCI

1010 2702 1140 2768 DE
1182 2697 1655 2768 OBSCURIS
1703 2697 2146 2767 CATONIS.

1381 2852 1567 2917 LIB.
1601 2841 1689 2917 Ῑ.’

1382 2970 1568 3037 LIB.
1601 2970 1701 3037 11.

565 3112 655 3182 IN
704 3132 787 3180 eo
831 3112 1003 3178 libro
1053 3110 1383 3193 scriptum
1412 3111 1755 3176 inventum
1800 3117 1927 3189 est,
1954 3106 2375 3191 receptitium
2410 3124 2670 3170 servum

478 3214 613 3280 dici
655 3231 967 3298 nequam,
997 3218 1065 3278 et
1107 3212 1274 3275 nulli
1317 3212 1535 3296 pretii,
1564 3213 1704 3297 qui,
1750 3232 1899 3277 cum
1945 3230 2186 3278 venum
2233 3215 2413 3274 esset
2442 3208 2671 3288 datuS,

472 3316 843 3386 redhibitus
888 3317 978 3382 ob
1040 3314 1315 3400 aliquod
1361 3315 1621 3393 vitium,
1677 3322 2129 3399 receptusque
2180 3313 2293 3383 sit.
2383 3311 2674 3396 Propter

471 3439 575 3497 ea,
619 3419 858 3504 inquit,
920 3438 1148 3484 servus
1193 3418 1527 3504 ejusmodi
1571 3419 1817 3484 sectari
1859 3419 2196 3493 maritum,
2255 3420 2320 3481 et
2367 3413 2669 3498 flagitare

468 3523 819 3605 pecuniam
843 3520 1233 3610 jubebatur:
1281 3528 1353 3587 ut
1372 3540 1458 3588 eo
1492 3522 1647 3608 ipso
1678 3521 1870 3586 dolor
1898 3520 2130 3604 major,
2160 3529 2229 3588 et
2256 3515 2668 3582 contumelia
2725 3607 2730 3610 Α

466 3625 736 3706 gravior
761 3625 906 3689 viro
938 3624 1147 3700 fieret,
1177 3623 1361 3708 quod
1406 3643 1562 3690 eum
1608 3643 1837 3690 servus
1882 3622 2073 3688 nihili
2117 3620 2428 3706 petendae
2459 3640 2663 3705 pecu-

468 3727 603 3794 niae
658 3745 871 3792 causa
915 3726 1375 3811 compellaret.
1463 3726 1640 3791 Cum
1665 3746 1837 3810 pace
1873 3733 2122 3808 autem,
2151 3742 2435 3810 cumque
2465 3723 2664 3788 venia

464 3828 774 3907 istorum,
809 3830 869 3896 si
899 3832 1015 3914 qui
1066 3835 1241 3908 sunt,
1271 3830 1384 3913 qui
1413 3828 1636 3895 Verrii
1672 3828 1910 3896 Flacci
1956 3828 2347 3894 auctoritate
2379 3825 2662 3911 capiun-

464 3935 593 4008 tur,
624 3929 873 3996 dictum
903 3929 1031 3996 hoc
1063 3931 1190 3997 sit:
1234 3931 1623 4016 receptitius
1655 3933 1824 3996 enim
1858 3951 2093 3997 servus
2122 3931 2191 3994 in
2219 3949 2300 3994 ea
2329 3949 2420 4007 re,
2450 3949 2657 4013 quam

464 4033 634 4098 dicit
655 4032 849 4112 Cato,
878 4032 1065 4099 aliud
1096 4034 1365 4101 omnino
1390 4041 1514 4113 est,
1542 4053 1748 4118 quam
1775 4033 2050 4099 Verrius
2082 4032 2396 4116 scripsit?

523 4190 549 4221 ¹¹
583 4183 665 4233 Ex
687 4183 927 4236 Macrob.
948 4184 1036 4235 lib.
1061 4199 1099 4238 r.
1600 4185 1690 4236 lib.
1711 4200 1752 4237 ι.

525 4265 549 4294 ⁰
581 4259 713 4313 Hac
750 4267 807 4312 ot
842 4272 988 4327 seqq.
1025 4275 1093 4311 ex
1130 4260 1367 4313 Maerob.
1407 4260 1515 4315 Sat.
1659 4269 1687 4305 Ρ
1720 4263 1802 4316 Ex
1824 4260 1961 4313 Gell.
1982 4257 2073 4313 nb.
2094 4270 2236 4310 ινιτ.
2259 4270 2374 4331 cap.
2396 4259 2447 4310 θ.
