3020 4853
462 322 550 390 2⁴2
1207 336 1284 384 M.
1332 330 1595 384 vunnu
1648 330 1913 385 succ!

466 490 716 571 aperte,
766 490 839 549 et
879 480 1181 559 breviter,
1223 484 1298 548 nt
1343 482 1582 560 sciero,
1621 483 1876 567 scripta
1903 481 1969 547 in
1995 481 2099 547 his
2127 478 2317 547 libris
2345 478 2512 546 meis
2541 478 2643 545 invi

464 590 826 667 venientur,
860 588 1347 654 inscribuntur:
1384 586 1829 653 Pmscontm
1865 602 2280 652 vannorum
2311 600 2469 650 cum
2509 601 2657 649 sxa

470 710 767 759 susus.

546 796 845 876 Quatere
893 813 1291 879 suspensum
1333 802 1405 860 et
1452 795 1746 861 vicinum
1783 793 1881 860 rei
1913 792 2199 880 alicujus
2227 796 2478 859 motum
2513 794 2647 875 sig·

463 900 724 966 nificat}
754 918 912 977 non,
942 904 1015 962 ut
1044 897 1320 963 Verrius
1351 904 1566 983 putat,
1599 896 1815 976 ferire,
1846 903 1968 964 διο.

552 1003 790 1070 Refert
818 1020 971 1067 cum
1000 1001 1306 1079 dicimuS,
1343 1021 1562 1067 errare
1608 1020 1735 1067 nos
1775 1003 1871 1069 ait
1913 1002 2230 1068 Verrius:
2278 1020 2429 1066 esse
2470 998 2646 1065 enim

464 1115 717 1173 rectum
747 1106 876 1172 Rei
907 1104 1051 1184 sert,
1081 1108 1201 1172 διο.
1234 1106 1353 1171 sed
1382 1125 1534 1171 esse
1552 1106 1698 1191 J'am
1726 1124 1853 1170 usu
1887 1125 2292 1190 possessum.

552 1207 910 1293 Repag-ula
948 1217 1127 1286 sunt,
1170 1214 1245 1274 ut
1285 1208 1564 1274 Verrius
1608 1210 1724 1288 ait,
1768 1229 1922 1295 quae
1958 1206 2409 1293 patefaciundi
2437 1206 2649 1290 gratia

464 1313 562 1378 ita
592 1312 902 1396 figuntur,
932 1321 1009 1376 ut
1034 1330 1120 1375 ex
1143 1310 1467 1378 contrario
1491 1331 1648 1397 quoe
1672 1319 2155 1397 oppanguntur,
2182 1317 2303 1377 διο.

553 1415 985 1501 Repastinari
1036 1433 1195 1499 ager
1237 1415 1298 1480 is
1339 1416 1604 1498 dicitur,
1645 1424 1718 1484 ut
1748 1415 2026 1482 Verrius
2054 1418 2422 1494 existimat,
2451 1413 2650 1499 cujus

465 1525 699 1585 natura
727 1523 1009 1583 mutatur
1035 1517 1376 1598 fodiendo,
1406 1523 1528 1584 διο.

555 1622 942 1707 Repudium
988 1619 1263 1687 Verrius
1312 1624 1406 1690 ait
1452 1622 1725 1702 dictum,
1773 1624 1953 1708 quod
1996 1624 2072 1690 fit
2104 1624 2194 1689 ob
2222 1642 2360 1689 rem
2392 1619 2654 1705 puden-

466 1728 642 1803 dam,
672 1730 791 1791 διο.

553 1830 884 1913 Rhegium
916 1832 1257 1915 appellare
1295 1838 1599 1916 oportere
1639 1830 1735 1897 ait
1765 1828 2042 1897 Verrius
2080 1830 2147 1897 id
2189 1828 2652 1914 municipium,

466 1933 650 2017 quod
677 1935 742 1999 in
762 1935 930 2002 freto
960 1955 998 2000 e
1026 1938 1289 2020 regione
1320 1934 1572 2000 Siciliae
1601 1940 1726 2014 est,
1755 1939 1877 2002 8ιο.

552 2035 934 2102 Romuliam
962 2039 1228 2117 tribum,
1257 2042 1378 2103 διο.
1409 2038 1730 2103 invenisse
1752 2039 1848 2103 ait
1876 2038 2153 2106 Verrius
2180 2034 2458 2113 vetitam,
2489 2038 2607 2100 διο.

550 2139 853 2206 Ruscum
884 2148 1012 2221 est,
1040 2149 1118 2207 ut
1146 2143 1244 2208 ait
1270 2142 1569 2222 VerriuS,
1600 2144 1890 2228 amplius
1921 2143 2122 2228 paulo
2150 2141 2378 2218 herba,
2406 2146 2477 2204 et
2506 2138 2653 2203 exi-

462 2242 591 2308 lius
612 2243 940 2327 virgultiS,
967 2249 1091 2312 διο.

550 2347 824 2413 Sacram
872 2350 1052 2414 viam
1094 2350 1364 2436 quidam
1417 2352 1826 2438 appellatam
1873 2370 2021 2416 esse
2082 2348 2486 2426 existimant,
2534 2348 2655 2412 διο.

462 2469 588 2515 nec
617 2453 945 2537 appellari
979 2454 1215 2520 debere
1246 2456 1343 2522 ait
1370 2456 1672 2535 VerriuS,
1718 2454 1834 2520 sed
1885 2455 2241 2539 disjuncte,
2286 2456 2362 2516 ut
2395 2457 2654 2516 ceteras

463 2554 610 2617 vias
645 2555 1068 2635 Flaminiam,
1093 2555 1409 2643 Appiam,
1428 2558 1772 2626 Latinam:
1808 2566 1881 2623 ut
1908 2579 1991 2624 ne
2021 2576 2264 2624 novam
2293 2555 2471 2620 viam
2503 2553 2653 2639 qui-

461 2653 635 2733 dem,
665 2659 786 2720 διο.

550 2758 842 2826 Salicem
864 2759 1140 2828 Verrius
1162 2767 1424 2849 virgulti
1452 2786 1684 2851 genuS,
1711 2787 1844 2834 non
1873 2767 2155 2847 arboris,
2179 2766 2367 2844 dicit,
2393 2770 2464 2829 et
2492 2761 2653 2827 ridi-

462 2861 609 2926 cule
637 2862 1107 2949 interpretatur
1129 2869 1402 2948 dictum,
1434 2871 1615 2956 quod
1647 2891 1727 2937 ea
1755 2871 2089 2938 celeritate
2117 2873 2400 2947 crescat,
2443 2875 2519 2933 ut
2546 2887 2654 2933 sa·

461 2964 579 3028 lire
608 2966 931 3035 videatur.

550 3067 852 3135 Salinum
881 3073 950 3137 in
992 3094 1222 3141 mensa
1262 3078 1383 3161 pro
1428 3078 1656 3163 aquali
1706 3079 1979 3144 solitum
2008 3097 2155 3144 esse
2182 3078 2339 3164 poni
2371 3078 2470 3143 ait
2498 3089 2651 3144 cnm

460 3171 736 3252 patella,
768 3177 929 3258 quia
960 3177 1121 3242 nibil
1152 3179 1336 3245 aliud
1366 3182 1451 3246 sit
1475 3185 1599 3262 sal,
1622 3203 1827 3267 qnam
1855 3201 2051 3268 aqua.

548 3272 675 3338 Sas
699 3275 981 3343 Verrius
1012 3289 1209 3364 putat
1236 3285 1606 3367 significare
1636 3308 1775 3367 eas,
1798 3296 2072 3353 anctore
2096 3286 2333 3366 Ennio,
2354 3290 2474 3351 διο.
2498 3306 2654 3352 cum

462 3393 622 3440 suas
651 3379 865 3463 magis
896 3383 1198 3450 videatur
1225 3387 1616 3470 significare,
1644 3396 1768 3460 διο.

546 3481 732 3547 Satis
763 3487 1040 3551 verbum
1074 3489 1310 3558 Verrio
1341 3495 1582 3561 melius
1611 3497 1740 3563 suit
1768 3496 2129 3582 praeterire,
2159 3503 2235 3561 ut
2272 3496 2428 3561 mibi
2467 3495 2660 3561 vide-³

459 3591 589 3661 tur,
620 3606 820 3670 quam
855 3597 991 3655 tam
1025 3592 1352 3661 absurdas
1376 3600 1734 3684 opiniones
1758 3622 1919 3667 suas
1942 3601 2027 3667 de
2044 3622 2126 3667 eo
2150 3601 2450 3678 recitare,
2477 3620 2652 3683 quas

459 3688 679 3801 sciens
710 3695 1023 3774 praeterii,
1056 3703 1191 3762 tam
1226 3700 1587 3783 Hercules,
1614 3726 1815 3789 quam
1848 3705 1932 3770 de
1958 3706 2215 3783 scabro,
2240 3701 2419 3789 quod
2446 3721 2654 3786 prox·

459 3807 659 3856 unum
690 3799 1119 3879 sequebatur.
2651 3823 2658 3828 ·

545 3894 846 3982 Scraptae
879 3902 1264 3972 dicebantur
1292 3912 1683 3993 nugatoriae,
1714 3931 1795 3977 ac
1828 3911 2271 3996 despiciendae
2313 3910 2658 3991 muliereS,

459 4003 532 4062 ut
559 3999 653 4065 ait
686 4000 984 4086 Verrius,
1011 4010 1098 4074 ab
1129 4011 1240 4090 iis,
1273 4035 1424 4098 quae
1454 4035 1645 4082 screa
1675 4015 1880 4084 iidem
1910 4017 2372 4102 appellabant,
2397 4020 2520 4083 διο.

542 4103 806 4171 Scurrae
855 4114 1262 4181 vocabulum
1320 4117 1600 4194 Verrius
1646 4121 2062 4206 ineptissime
2109 4128 2227 4185 aut
2270 4140 2358 4186 ex
2403 4120 2658 4186 Graeco

456 4211 741 4274 tractum
773 4214 892 4290 ait,
938 4218 1117 4299 quod
1160 4241 1245 4286 ex
1278 4222 1622 4307 σκυροίιζειν,
1652 4232 1766 4291 aut
1804 4246 1845 4291 a
1874 4223 2242 4309 sequendO,
2288 4224 2399 4290 cui
2432 4225 2662 4307 magis

454 4313 832 4393 assentitur,
863 4322 983 4384 &c
