3020 4853
566 347 664 395 DE
714 346 1122 398 VERBORUM

1179 343 1807 394 SJGNwwATmNR
1862 344 2002 396 [ΑΒ.
2051 342 2164 392 xl.

2285 399 2292 406 ,
2336 327 2468 396 447-

358 514 565 579 quam
617 493 673 558 si
726 514 795 559 et
844 515 911 557 eo
952 504 1134 557 uatus
1179 501 1322 557 esset
1346 516 1366 554 .·
1409 490 1506 557 sui
1547 491 1745 579 patris
1789 490 1968 577 quasi
2012 491 2080 556 in
2125 497 2467 574 potestate

359 598 583 664 aliena
613 620 735 663 non
764 607 934 676 esset,
967 597 1057 661 ita
1088 607 1171 662 est
1202 595 1513 683 legitimus
1565 603 1635 660 et
1681 617 1851 662 suus
1901 596 2117 672 beree,
2164 602 2240 660 ut
2289 603 2466 679 patet

358 698 684 787 manifeste
744 722 815 765 ex
866 722 933 765 eo
978 698 1142 786 qnod
1183 700 1277 763 ait
1326 697 1463 764 Ser.
1513 699 1861 782 Sulpicius
1908 702 1977 768 in
2028 719 2109 764 ea
2155 700 2466 776 oratione,

357 825 544 889 quam
571 803 810 888 scripsit
839 813 898 866 et
927 800 1147 868 habuit
1176 823 1299 886 pro
1330 800 1620 868 Aufidia.

270 903 553 970 stlattas*
585 908 676 970 ait
717 904 964 970 Verrius
995 904 1223 969 dicitur
1260 903 1723 971 'administratio
1774 908 2144 991 reipublice:
2167 929 2186 969 .·
2211 913 2263 944 ¹²
2321 903 2465 969 item

358 1011 760 1097 magistratus
788 1021 902 1073 aut
939 1007 1354 1096 praefecturae,
1384 1012 1669 1095 imperii,
1706 1011 2062 1096 provinciae,
2092 1008 2223 1075 cu'm
2257 1008 2466 1073 malti·

358 1112 589 1177 tudinis
632 1113 944 1178 aniversae
988 1133 1335 1193 consensu,
1380 1122 1565 1200 atque
1611 1113 1899 1201 legitimis
1928 1115 1995 1180 iu
2029 1135 2217 1179 unam
2246 1135 2466 1178 conv&¹

355 1219 581 1284 nie’ntis
609 1218 849 1303 populi
880 1217 1161 1283 comitiis
1188 1216 1379 1282 alicui
1408 1216 1744 1282 'nonciatur
1771 1240 1883 1304 per
1910 1216 2210 1304 suffragia
2244 1226 2319 1282 nt
2349 1237 2460 1281 ca-

354 1341 515 1408 pere
573 1342 723 1389 eam
757 1321 972 1408 possit,
1030 1317 1222 1384 Jassu
1263 1320 1482 1407 populi
1540 1321 1994 1403 demandatam,
2047 1329 2313 1387 certove
2371 1342 2460 1386 ex

356 1439 625 1514 tempore
667 1449 741 1493 ex
761 1423 902 1511 fide
943 1448 1053 1490 sua
1100 1436 1158 1489 et
1203 1436 1433 1494 certum
1476 1449 1663 1514 usqae
1707 1428 1793 1495 ad
1839 1436 2103 1513 tempus
2155 1425 2463 1492 admittis«

357 1542 550 1596 trare.

265 1635 373 1700 Μ.
929 1631 1347 1702 lebatarum.¹¹

278 1959 285 1964 .
332 1926 397 1973 12
431 1922 562 1973 End.
589 1922 674 1973 ed.
697 1923 825 1990 reip.
851 1923 1058 1989 publice.

1252 2056 1470 2110 No‘rAE

262 2171 359 2220 nit.
392 2167 447 2218 ff.
484 2169 553 2220 de
590 2170 765 2234 adopt.
830 2171 1016 2237 Itaque
1054 2173 1104 2222 in
1147 2172 1316 2223 verbis

261 2249 434 2310 Festi,
461 2248 525 2296 Et
546 2251 621 2298 sui
638 2249 798 2313 petr-b
821 2253 956 2314 quasi
988 2252 1037 2299 in
1068 2256 1318 2314 potestate,

257 2330 343 2390 qv.
379 2326 784 2390 subintelligitur
806 2328 885 2377 sui
910 2328 1072 2391 patris
1090 2330 1314 2390 adoptan-

260 2403 345 2460 tis,
369 2409 424 2453 et
449 2404 511 2451 τὸ
531 2409 666 2461 esset,
692 2403 742 2453 id
779 2411 879 2466 est,
898 2403 1097 2464 suisset.
1164 2404 1315 2457 Quod

259 2488 319 2529 et
355 2480 520 2531 amico
564 2496 679 2532 meo
717 2482 993 2532 Vincentio
1033 2483 1318 2532 Collessoui

258 2557 317 2611 J.
343 2558 403 2608 C.
422 2559 718 2610 doctissimo
742 2562 791 2609 iu
813 2568 1036 2611 mentem
1060 2560 1211 2611 video
1233 2577 1317 2610 ve·

259 2635 416 2686 nisse.
466 2636 635 2685 Porro
657 2636 741 2685 hic
764 2637 1056 2701 mancipatus
1080 2645 1158 2687 est
1178 2639 1317 2688 datus

255 2712 314 2763 in
348 2712 694 2777 adoptionem,
727 2729 843 2763 nam
887 2714 1313 2779 emancipationis

258 2790 443 2850 verbo,
460 2791 596 2856 quod
612 2792 858 2841 latissime
878 2800 1071 2853 manat,
1082 2794 1314 2842 contine·

259 2876 351 2916 tur
375 2867 531 2917 etiam
557 2868 696 2916 datio
720 2867 769 2916 iu
795 2868 1145 2932 adoptionem.
1213 2870 1317 2923 Qui

256 2943 396 2994 enim
416 2958 447 2991 a
464 2951 611 3006 patre
632 2942 1314 3010 naturalidabaturinadop·

257 3021 455 3071 tionem
472 3021 639 3084 alteri,
658 3021 967 3086 adoptaturo
982 3037 1044 3071 eo
1058 3025 1316 3087 mancipa-

258 3088 418 3148 batur
440 3113 533 3162 per
547 3114 618 3148 aas
641 3107 696 3149 et
719 3099 932 3149 libram:
967 3100 1064 3163 leg.
1083 3100 1174 3150 ult.
1198 3101 1315 3154 cod.

254 3174 327 3223 de
348 3174 528 3238 adopt.
566 3176 713 3225 Idem.

316 3251 333 3285 ¹
361 3252 430 3301 M
427 3284 577 3302 .....
579 3251 603 3316 ]
637 3253 846 3303 Certum
874 3261 977 3316 est,
998 3252 1080 3304 hic
1101 3254 1168 3304 de
1192 3254 1309 3305 Mu·

251 3344 383 3381 nere
406 3330 615 3381 Festum
639 3331 908 3392 scripsisse
931 3349 944 3381 :
979 3347 1165 3398 nempe
1188 3336 1307 3385 Mu·

249 3424 350 3457 nus
375 3422 490 3458 esse
512 3407 1002 3458 administrationem
1039 3411 1112 3459 rei
1142 3412 1307 3475 pubii-

249 3499 365 3535 cae:
419 3492 476 3533 et
507 3498 680 3533 curam
721 3484 939 3549 imperii,
973 3486 1107 3550 quod
1141 3488 1306 3551 plebis

247 3561 507 3609 universe
555 3561 813 3624 totiusque
855 3562 1031 3625 popuii
1075 3563 1307 3614 Comitiis

248 3639 505 3701 delatum,
525 3652 586 3688 ac
621 3637 913 3687 mandatum
938 3646 1051 3687 est:
1102 3648 1158 3690 nt
1194 3640 1305 3691 fere

250 3715 305 3764 in
328 3717 461 3764 hanc
485 3715 792 3764 sententiam
831 3713 1096 3778 scripsisse
1136 3716 1303 3766 videa·

248 3803 337 3842 tur
363 3809 377 3842 ε
423 3792 636 3852 Munus,
689 3791 877 3841 dicitur
923 3791 1303 3844 administratio

245 3868 570 3934 reipublicae,
591 3868 935 3932 magistratus,
954 3867 1300 3934 profectnrae,

242 3945 475 4010 imperii,
500 3945 800 4009 provinciae.
867 3945 993 3994 Cum
1017 3946 1301 3997 multitudi-

243 4026 327 4076 nis
363 4024 621 4073 universae
661 4035 911 4072 consensu
948 4029 1101 4087 atque
1134 4024 1303 4089 legiti-

243 4103 341 4153 mis
391 4101 567 4166 popuii
612 4100 846 4150 Comitiis
902 4100 1194 4164 mandatur,
1240 4111 1301 4153 nt

241 4191 437 4242 capere
471 4190 585 4226 eam
611 4175 763 4239 jussu
786 4176 982 4239 populi,
1005 4185 1215 4229 certove
1234 4193 1298 4228 ex

240 4264 503 4322 tempore,
524 4259 581 4303 et
602 4258 800 4303 certum
824 4251 889 4302 ad
919 4258 1121 4319 tempus
1143 4254 1298 4306 admi-

1399 2171 1621 2222 nistrare
1643 2173 1822 2236 possit.
1855 2174 1961 2222 Jos.
1982 2173 2110 2223 διαὶ.

1461 2250 1665 2313 Munus]
1689 2251 1821 2300 Vide
1842 2266 1999 2315 supra
2018 2260 2139 2316 post
2160 2252 2176 2280 ‘
2197 2249 2461 2304 Munium·

1396 2326 1605 2376 Munera
1628 2335 1748 2377 sunt
1778 2326 1964 2378 officia.
2031 2330 2046 2358 ‘
2067 2330 2336 2380 Honores'
2369 2346 2456 2379 vo·

1398 2413 1483 2453 cat
1505 2403 1774 2456 Horatius.
1844 2406 1911 2456 Et
1935 2403 2054 2456 inde
2090 2422 2301 2458 munera
2324 2407 2453 2458 dicti

1400 2489 1520 2530 sunt
1542 2483 1668 2542 ludi,
1690 2483 1776 2547 qui
1802 2485 1994 2547 populo
2018 2484 2274 2534 dabantur
2297 2486 2364 2535 ab
2389 2485 2451 2534 iis

1405 2559 1491 2624 qui
1517 2574 1728 2609 munere
1751 2560 2008 2621 instructi,
2033 2564 2131 2611 διο.
2164 2561 2290 2613 Dae.

1460 2632 1484 2667 ¹¹
1517 2635 1593 2686 M.
1615 2670 1628 2685 .
1651 2669 1665 2685 .
1685 2635 1996 2700 debetorum]
2044 2636 2062 2664 ‘
2081 2638 2230 2686 Mille
2272 2638 2451 2687 beata·

1397 2726 1507 2761 rum
1532 2714 1750 2763 urbium.
1767 2748 1781 2762 .
1797 2730 1846 2763 ‚s
1871 2716 2021 2765 stetit
2041 2730 2132 2778 pro
2154 2729 2312 2778 regno
2317 2749 2451 2765 .....

1395 2789 1584 2839 dixisse
1612 2791 1685 2841 ait
1709 2791 1969 2841 Veranius
2010 2791 2060 2840 in
2092 2791 2224 2841 libro
2259 2793 2451 2854 prisca-

1395 2881 1505 2916 rum
1540 2882 1756 2916 vocum:
1806 2867 1939 2931 quod
1976 2869 2021 2916 ei
2055 2880 2263 2917 summae
2297 2867 2449 2930 origi·

1394 2958 1508 2993 nem
1533 2959 1592 2995 ac
1615 2959 1848 2994 caussam
1870 2944 2088 2994 Graecus
2110 2958 2278 2993 sermo
2292 2943 2451 2994 dede·

1392 3021 1493 3071 ritz
1532 3036 1596 3072 eo
1632 3029 1804 3072 autem
1832 3036 1935 3071 nou
1966 3037 2140 3071 omues
2164 3020 2280 3072 uti.’
2349 3022 2447 3072 His

1391 3099 1679 3162 proximum
1703 3099 1875 3149 nescio
1891 3099 2012 3164 quid
2033 3098 2225 3149 dixisse
2245 3097 2450 3149 videtur

1391 3175 1599 3233 Festus,
1634 3183 1686 3224 et
1728 3184 1871 3225 recte
1904 3175 1952 3224 ei
1986 3178 2194 3225 summ‘ae
2240 3190 2446 3226 causam

1390 3250 1593 3301 dedisse
1616 3251 1918 3302 Graecorum
1949 3267 2256 3304 sermonem.
2322 3253 2446 3303 Gel-

1389 3328 1486 3378 lius
1510 3328 1643 3378 libro
1667 3341 1704 3378 1.
1729 3343 1846 3392 cap.
1870 3332 1948 3379 lo.
2013 3328 2226 3391 ‘Mine,’
2258 3329 2447 3395 inquit,

1389 3408 1519 3456 ‘non
1563 3422 1655 3472 pro
1699 3421 1762 3456 eo
1805 3408 2035 3472 ponitur,
2073 3406 2210 3472 quod
2252 3407 2444 3457 Groece

1388 3483 1540 3547 χίλιοι
1563 3483 1769 3548 dicitur,
1786 3484 1878 3534 sed
1906 3484 2041 3549 quod
2065 3483 2243 3545 χιλιάε.
2266 3491 2322 3533 et
2343 3485 2443 3533 sic·

1389 3565 1465 3612 uti
1487 3576 1590 3610 una
1610 3562 1789 3624 χιλιὰς,
1813 3570 1867 3611 et
1890 3562 2008 3611 duae
2032 3560 2265 3623 χιλιάδες.
2286 3575 2439 3609 uuum

1386 3640 1545 3697 mille,
1570 3648 1624 3689 et
1645 3639 1748 3688 duo
1784 3637 1960 3694 millia,
1990 3648 2141 3688 certa
2171 3646 2331 3699 atque
2362 3635 2440 3685 di-

1383 3723 1532 3767 recta
1568 3716 1770 3766 ratione
1803 3714 2030 3764 dicitur!
2096 3716 2237 3765 Puto
2263 3721 2436 3763 autem

1385 3794 1733 3843 testimonium
1757 3791 1901 3853 illud,
1922 3790 2056 3855 quod
2079 3789 2317 3854 producit
2332 3791 2438 3839 Ve-

1380 3869 1572 3933 ranius,
1597 3882 1706 3917 esse
1730 3882 1794 3917 ex
1819 3867 2029 3931 scriptis
2057 3867 2282 3918 Catonis.
2326 3867 2436 3917 Jos.

1445 4023 1512 4072 Μ
1509 4052 1684 4073 ......
1701 4019 2131 4084 Μαίη-ιαμ...]
2185 4023 2314 4073 Hoec
2358 4022 2432 4071 vi-

1381 4101 1451 4149 ris
1483 4100 1655 4150 doctis
1686 4100 1948 4165 negotium
1972 4099 2253 4152 facessunt.
2318 4101 2432 4164 Ego

1378 4193 1410 4227 a
1448 4179 1785 4244 sequentibus
1825 4188 1952 4244 puto
1994 4176 2334 4244 disjungenda
2373 4185 2430 4226 et

1379 4256 1737 4323 componenda
1759 4272 1875 4311 cum
1904 4259 2016 4311 istis
2036 4271 2206 4309 menso
2238 4256 2289 4308 in
2312 4254 2434 4308 edis
