<?xml version="1.0" encoding="UTF-8"?>
<!DOCTYPE html PUBLIC "-//W3C//DTD XHTML 1.0 Transitional//EN"
    "http://www.w3.org/TR/xhtml1/DTD/xhtml1-transitional.dtd">
<html xmlns="http://www.w3.org/1999/xhtml" xml:lang="en" lang="en">
 <head>
  <title>
</title>
<meta http-equiv="Content-Type" content="text/html;charset=utf-8" />
  <meta name='ocr-system' content='tesseract 3.04.00' />
  <meta name='ocr-capabilities' content='ocr_page ocr_carea ocr_par ocr_line ocrx_word'/>
</head>
<body>
  <div class='ocr_page' id='page_1' title='image "./mverriiflacciqu03flacgoog_0629.png"; bbox 0 0 3020 4853; ppageno 0'>
   <div class='ocr_carea' id='block_1_1' title="bbox 499 388 2134 440">
    <p class='ocr_par' dir='ltr' id='par_1_1' title="bbox 499 388 2134 440">
     <span class='ocr_line' id='line_1_1' title="bbox 499 388 2134 440; baseline 0.001 -4"><span class='ocrx_word' id='word_1_1' title='bbox 499 390 592 436; x_wconf 85' lang='lat' dir='ltr'><strong>DE</strong></span> <span class='ocrx_word' id='word_1_2' title='bbox 643 388 1054 439; x_wconf 77' lang='lat' dir='ltr'>VERBORUM</span> <span class='ocrx_word' id='word_1_3' title='bbox 1103 388 1728 439; x_wconf 69' lang='lat' dir='ltr'><strong>SlcmFmATloNE</strong></span> <span class='ocrx_word' id='word_1_4' title='bbox 1781 392 1925 440; x_wconf 83' lang='lat' dir='ltr'><strong>LlB.</strong></span> <span class='ocrx_word' id='word_1_5' title='bbox 1975 393 2134 439; x_wconf 84' lang='lat' dir='ltr'>XIV.</span> 
     </span>
    </p>
   </div>
   <div class='ocr_carea' id='block_1_2' title="bbox 2267 378 2396 442">
    <p class='ocr_par' dir='ltr' id='par_1_2' title="bbox 2267 378 2396 442">
     <span class='ocr_line' id='line_1_2' title="bbox 2267 378 2396 442; baseline 0.008 -1"><span class='ocrx_word' id='word_1_6' title='bbox 2267 378 2396 442; x_wconf 77' lang='lat'><strong>613</strong></span> 
     </span>
    </p>
   </div>
   <div class='ocr_carea' id='block_1_3' title="bbox 307 535 2394 621">
    <p class='ocr_par' dir='ltr' id='par_1_3' title="bbox 307 535 2394 621">
     <span class='ocr_line' id='line_1_3' title="bbox 307 535 2394 621; baseline 0.002 -22"><span class='ocrx_word' id='word_1_7' title='bbox 307 540 473 613; x_wconf 89' lang='lat' dir='ltr'><strong>cent,</strong></span> <span class='ocrx_word' id='word_1_8' title='bbox 502 541 782 614; x_wconf 84' lang='lat' dir='ltr'><strong>ostenta,</strong></span> <span class='ocrx_word' id='word_1_9' title='bbox 813 555 966 620; x_wconf 82' lang='lat' dir='ltr'><strong>quae</strong></span> <span class='ocrx_word' id='word_1_10' title='bbox 1009 535 1474 602; x_wconf 88' lang='lat' dir='ltr'><strong>tantummodo</strong></span> <span class='ocrx_word' id='word_1_11' title='bbox 1504 535 1850 603; x_wconf 77' lang='lat' dir='ltr'><strong>ostendant</strong></span> <span class='ocrx_word' id='word_1_12' title='bbox 1879 542 2189 616; x_wconf 84' lang='lat' dir='ltr'><strong>monstra,</strong></span> <span class='ocrx_word' id='word_1_13' title='bbox 2219 558 2394 621; x_wconf 85' lang='lat' dir='ltr'><strong>prae-</strong></span> 
     </span>
    </p>
   </div>
   <div class='ocr_carea' id='block_1_4' title="bbox 304 637 1191 722">
    <p class='ocr_par' dir='ltr' id='par_1_4' title="bbox 304 637 1191 722">
     <span class='ocr_line' id='line_1_4' title="bbox 304 637 1191 722; baseline 0.003 -21"><span class='ocrx_word' id='word_1_14' title='bbox 304 637 553 720; x_wconf 84' lang='lat' dir='ltr'><strong>cipiant</strong></span> <span class='ocrx_word' id='word_1_15' title='bbox 582 657 849 722; x_wconf 86' lang='lat' dir='ltr'><strong>quoque</strong></span> <span class='ocrx_word' id='word_1_16' title='bbox 878 639 1191 704; x_wconf 86' lang='lat' dir='ltr'><strong>remedia.</strong></span> 
     </span>
    </p>
   </div>
   <div class='ocr_carea' id='block_1_5' title="bbox 225 737 2396 926">
    <p class='ocr_par' dir='ltr' id='par_1_5' title="bbox 225 737 2396 926">
     <span class='ocr_line' id='line_1_5' title="bbox 225 737 2396 828; baseline 0.001 -26"><span class='ocrx_word' id='word_1_17' title='bbox 225 737 533 804; x_wconf 78' lang='lat' dir='ltr'><strong>Portenta</strong></span> <span class='ocrx_word' id='word_1_18' title='bbox 560 749 814 811; x_wconf 77' lang='lat' dir='ltr'><strong>rerump</strong></span> <span class='ocrx_word' id='word_1_19' title='bbox 843 741 983 806; x_wconf 89' lang='lat' dir='ltr'><strong>fieri</strong></span> <span class='ocrx_word' id='word_1_20' title='bbox 1015 741 1347 819; x_wconf 86' lang='lat' dir='ltr'><strong>dicuntur,</strong></span> <span class='ocrx_word' id='word_1_21' title='bbox 1372 761 1522 806; x_wconf 89' lang='lat' dir='ltr'><strong>cum</strong></span> <span class='ocrx_word' id='word_1_22' title='bbox 1555 742 1752 808; x_wconf 87' lang='lat' dir='ltr'><strong>solita</strong></span> <span class='ocrx_word' id='word_1_23' title='bbox 1774 741 1824 782; x_wconf 80' lang='lat'><strong>¹⁴</strong></span> <span class='ocrx_word' id='word_1_24' title='bbox 1853 764 2092 828; x_wconf 88' lang='lat' dir='ltr'><strong>corpo·</strong></span> <span class='ocrx_word' id='word_1_25' title='bbox 2124 744 2396 828; x_wconf 77' lang='lat' dir='ltr'><strong>[PAUL.</strong></span> 
     </span>
     <span class='ocr_line' id='line_1_6' title="bbox 302 843 2393 926; baseline 0.003 -21"><span class='ocrx_word' id='word_1_26' title='bbox 302 861 374 906; x_wconf 88' lang='lat' dir='ltr'><strong>ra</strong></span> <span class='ocrx_word' id='word_1_27' title='bbox 399 861 548 907; x_wconf 86' lang='lat' dir='ltr'><strong>raro</strong></span> <span class='ocrx_word' id='word_1_28' title='bbox 566 862 643 908; x_wconf 85' lang='lat' dir='ltr'><strong>se</strong></span> <span class='ocrx_word' id='word_1_29' title='bbox 664 843 1040 924; x_wconf 88' lang='lat' dir='ltr'><strong>ostendunt,</strong></span> <span class='ocrx_word' id='word_1_30' title='bbox 1053 850 1127 910; x_wconf 89' lang='lat' dir='ltr'><strong>ut</strong></span> <span class='ocrx_word' id='word_1_31' title='bbox 1156 852 1462 924; x_wconf 66' lang='lat' dir='ltr'><strong>cometae,</strong></span> <span class='ocrx_word' id='word_1_32' title='bbox 1480 847 1794 920; x_wconf 85' lang='lat' dir='ltr'><strong>turbines,</strong></span> <span class='ocrx_word' id='word_1_33' title='bbox 1811 847 2143 926; x_wconf 85' lang='lat' dir='ltr'><strong>barathra,</strong></span> <span class='ocrx_word' id='word_1_34' title='bbox 2168 866 2393 912; x_wconf 88' lang='lat' dir='ltr'><strong>sereno</strong></span> 
     </span>
    </p>
   </div>
   <div class='ocr_carea' id='block_1_6' title="bbox 299 944 1029 1013">
    <p class='ocr_par' dir='ltr' id='par_1_6' title="bbox 299 944 1029 1013">
     <span class='ocr_line' id='line_1_7' title="bbox 299 944 1029 1013; baseline 0.004 -5"><span class='ocrx_word' id='word_1_35' title='bbox 299 944 474 1009; x_wconf 88' lang='lat' dir='ltr'><strong>coelo</strong></span> <span class='ocrx_word' id='word_1_36' title='bbox 500 944 684 1011; x_wconf 84' lang='lat' dir='ltr'><strong>facta</strong></span> <span class='ocrx_word' id='word_1_37' title='bbox 712 947 1029 1013; x_wconf 87' lang='lat' dir='ltr'><strong>tonitrua.</strong></span> 
     </span>
    </p>
   </div>
   <div class='ocr_carea' id='block_1_7' title="bbox 221 1046 2394 1136">
    <p class='ocr_par' dir='ltr' id='par_1_7' title="bbox 221 1046 2394 1136">
     <span class='ocr_line' id='line_1_8' title="bbox 221 1046 2394 1136; baseline 0.003 -25"><span class='ocrx_word' id='word_1_38' title='bbox 221 1046 647 1113; x_wconf 86' lang='lat' dir='ltr'><strong>Portisculus</strong></span> <span class='ocrx_word' id='word_1_39' title='bbox 667 1056 717 1098; x_wconf 76' lang='lat'><strong>¹5</strong></span> <span class='ocrx_word' id='word_1_40' title='bbox 763 1056 888 1129; x_wconf 85' lang='lat' dir='ltr'><strong>est,</strong></span> <span class='ocrx_word' id='word_1_41' title='bbox 919 1051 1035 1136; x_wconf 91' lang='lat' dir='ltr'><strong>qni</strong></span> <span class='ocrx_word' id='word_1_42' title='bbox 1078 1051 1146 1115; x_wconf 92' lang='lat' dir='ltr'><strong>in</strong></span> <span class='ocrx_word' id='word_1_43' title='bbox 1176 1058 1374 1136; x_wconf 86' lang='lat' dir='ltr'><strong>portu</strong></span> <span class='ocrx_word' id='word_1_44' title='bbox 1409 1052 1677 1119; x_wconf 86' lang='lat' dir='ltr'><strong>modum</strong></span> <span class='ocrx_word' id='word_1_45' title='bbox 1705 1052 1827 1120; x_wconf 86' lang='lat' dir='ltr'><strong>dat</strong></span> <span class='ocrx_word' id='word_1_46' title='bbox 1849 1050 2092 1119; x_wconf 80' lang='lat' dir='ltr'><strong>classi:</strong></span> <span class='ocrx_word' id='word_1_47' title='bbox 2141 1057 2247 1120; x_wconf 88' lang='lat' dir='ltr'><strong>est</strong></span> <span class='ocrx_word' id='word_1_48' title='bbox 2274 1072 2394 1118; x_wconf 87' lang='lat' dir='ltr'><strong>au-</strong></span> 
     </span>
    </p>
   </div>
   <div class='ocr_carea' id='block_1_8' title="bbox 301 1151 765 1216">
    <p class='ocr_par' dir='ltr' id='par_1_8' title="bbox 301 1151 765 1216">
     <span class='ocr_line' id='line_1_9' title="bbox 301 1151 765 1216; baseline 0 -1"><span class='ocrx_word' id='word_1_49' title='bbox 301 1158 429 1215; x_wconf 89' lang='lat' dir='ltr'><strong>tem</strong></span> <span class='ocrx_word' id='word_1_50' title='bbox 460 1151 765 1216; x_wconf 88' lang='lat' dir='ltr'><strong>malleus.</strong></span> 
     </span>
    </p>
   </div>
   <div class='ocr_carea' id='block_1_9' title="bbox 209 1250 2397 1860">
    <p class='ocr_par' dir='ltr' id='par_1_9' title="bbox 218 1250 2397 1755">
     <span class='ocr_line' id='line_1_10' title="bbox 218 1250 2395 1346; baseline 0.004 -32"><span class='ocrx_word' id='word_1_51' title='bbox 218 1250 666 1319; x_wconf 72' lang='lat' dir='ltr'><strong>Portisculns²¹</strong></span> <span class='ocrx_word' id='word_1_52' title='bbox 710 1263 840 1334; x_wconf 81' lang='lat' dir='ltr'><strong>ost,</strong></span> <span class='ocrx_word' id='word_1_53' title='bbox 870 1262 947 1321; x_wconf 89' lang='lat' dir='ltr'><strong>ut</strong></span> <span class='ocrx_word' id='word_1_54' title='bbox 975 1256 1209 1322; x_wconf 82' lang='lat' dir='ltr'><strong>scribit</strong></span> <span class='ocrx_word' id='word_1_55' title='bbox 1233 1259 1457 1325; x_wconf 87' lang='lat' dir='ltr'><strong>AElius</strong></span> <span class='ocrx_word' id='word_1_56' title='bbox 1486 1258 1685 1340; x_wconf 84' lang='lat' dir='ltr'><strong>Stilo,</strong></span> <span class='ocrx_word' id='word_1_57' title='bbox 1716 1258 1834 1345; x_wconf 91' lang='lat' dir='ltr'><strong>qui</strong></span> <span class='ocrx_word' id='word_1_58' title='bbox 1861 1259 1928 1324; x_wconf 92' lang='lat' dir='ltr'><strong>in</strong></span> <span class='ocrx_word' id='word_1_59' title='bbox 1956 1280 2103 1346; x_wconf 89' lang='lat' dir='ltr'><strong>por·</strong></span> <span class='ocrx_word' id='word_1_60' title='bbox 2144 1259 2231 1339; x_wconf 88' lang='lat' dir='ltr'><strong>[F</strong></span> <span class='ocrx_word' id='word_1_61' title='bbox 2243 1273 2395 1323; x_wconf 78' lang='lat' dir='ltr'><strong>ss‘r.</strong></span> 
     </span>
     <span class='ocr_line' id='line_1_11' title="bbox 295 1358 2397 1448; baseline 0.003 -29"><span class='ocrx_word' id='word_1_62' title='bbox 295 1361 366 1419; x_wconf 88' lang='lat' dir='ltr'><strong>tu</strong></span> <span class='ocrx_word' id='word_1_63' title='bbox 393 1358 669 1422; x_wconf 86' lang='lat' dir='ltr'><strong>modum</strong></span> <span class='ocrx_word' id='word_1_64' title='bbox 703 1359 820 1425; x_wconf 86' lang='lat' dir='ltr'><strong>dat</strong></span> <span class='ocrx_word' id='word_1_65' title='bbox 850 1359 1087 1426; x_wconf 80' lang='lat' dir='ltr'><strong>classi:</strong></span> <span class='ocrx_word' id='word_1_66' title='bbox 1132 1360 1204 1426; x_wconf 91' lang='lat' dir='ltr'><strong>id</strong></span> <span class='ocrx_word' id='word_1_67' title='bbox 1231 1370 1454 1428; x_wconf 87' lang='lat' dir='ltr'><strong>autem</strong></span> <span class='ocrx_word' id='word_1_68' title='bbox 1480 1370 1590 1428; x_wconf 89' lang='lat' dir='ltr'><strong>est</strong></span> <span class='ocrx_word' id='word_1_69' title='bbox 1617 1364 1923 1430; x_wconf 86' lang='lat' dir='ltr'><strong>malleus.</strong></span> <span class='ocrx_word' id='word_1_70' title='bbox 2012 1362 2224 1448; x_wconf 88' lang='lat' dir='ltr'><strong>Cujus</strong></span> <span class='ocrx_word' id='word_1_71' title='bbox 2252 1381 2397 1427; x_wconf 87' lang='lat' dir='ltr'><strong>me-</strong></span> 
     </span>
     <span class='ocr_line' id='line_1_12' title="bbox 293 1459 2395 1548; baseline 0.004 -27"><span class='ocrx_word' id='word_1_72' title='bbox 293 1459 483 1523; x_wconf 89' lang='lat' dir='ltr'><strong>minit</strong></span> <span class='ocrx_word' id='word_1_73' title='bbox 510 1460 735 1527; x_wconf 87' lang='lat' dir='ltr'><strong>Cato</strong></span> <span class='ocrx_word' id='word_1_74' title='bbox 716 1482 785 1526; x_wconf 89' lang='grc' dir='ltr'><strong>ιιι</strong></span> <span class='ocrx_word' id='word_1_75' title='bbox 829 1463 1238 1529; x_wconf 82' lang='lat' dir='ltr'><strong>dissuasione</strong></span> <span class='ocrx_word' id='word_1_76' title='bbox 1284 1464 1368 1529; x_wconf 88' lang='lat' dir='ltr'><strong>de</strong></span> <span class='ocrx_word' id='word_1_77' title='bbox 1413 1484 1561 1546; x_wconf 82' lang='lat' dir='ltr'><strong>rege</strong></span> <span class='ocrx_word' id='word_1_78' title='bbox 1593 1464 1825 1531; x_wconf 85' lang='lat' dir='ltr'><strong>Attalo</strong></span> <span class='ocrx_word' id='word_1_79' title='bbox 1858 1472 1931 1530; x_wconf 90' lang='lat' dir='ltr'><strong>et</strong></span> <span class='ocrx_word' id='word_1_80' title='bbox 1960 1464 2395 1548; x_wconf 82' lang='lat' dir='ltr'><strong>vectigalibus</strong></span> 
     </span>
     <span class='ocr_line' id='line_1_13' title="bbox 292 1561 2396 1653; baseline 0.001 -26"><span class='ocrx_word' id='word_1_81' title='bbox 292 1561 525 1629; x_wconf 84' lang='lat' dir='ltr'><strong>Asiae.</strong></span> <span class='ocrx_word' id='word_1_82' title='bbox 573 1562 653 1629; x_wconf 84' lang='lat' dir='ltr'><strong>G.</strong></span> <span class='ocrx_word' id='word_1_83' title='bbox 679 1564 945 1630; x_wconf 88' lang='lat' dir='ltr'><strong>Licinio</strong></span> <span class='ocrx_word' id='word_1_84' title='bbox 977 1564 1294 1646; x_wconf 73' lang='lat' dir='ltr'><strong>Praetore,</strong></span> <span class='ocrx_word' id='word_1_85' title='bbox 1316 1567 1597 1650; x_wconf 83' lang='lat' dir='ltr'><strong>remiges</strong></span> <span class='ocrx_word' id='word_1_86' title='bbox 1625 1567 1858 1653; x_wconf 88' lang='lat' dir='ltr'><strong>scripti</strong></span> <span class='ocrx_word' id='word_1_87' title='bbox 1886 1568 2075 1634; x_wconf 83' lang='lat' dir='ltr'><strong>cives</strong></span> <span class='ocrx_word' id='word_1_88' title='bbox 2099 1565 2396 1633; x_wconf 83' lang='lat' dir='ltr'><strong>Romani</strong></span> 
     </span>
     <span class='ocr_line' id='line_1_14' title="bbox 291 1665 2328 1755; baseline 0.004 -27"><span class='ocrx_word' id='word_1_89' title='bbox 291 1665 414 1729; x_wconf 89' lang='lat' dir='ltr'><strong>sub</strong></span> <span class='ocrx_word' id='word_1_90' title='bbox 446 1667 888 1750; x_wconf 85' lang='lat' dir='ltr'><strong>portisculum</strong></span> <span class='ocrx_word' id='word_1_91' title='bbox 917 1669 1043 1733; x_wconf 87' lang='lat' dir='ltr'><strong>sub</strong></span> <span class='ocrx_word' id='word_1_92' title='bbox 1070 1668 1343 1752; x_wconf 80' lang='lat' dir='ltr'><strong>flagrum</strong></span> <span class='ocrx_word' id='word_1_93' title='bbox 1376 1670 1740 1755; x_wconf 83' lang='lat' dir='ltr'><strong>conscripti</strong></span> <span class='ocrx_word' id='word_1_94' title='bbox 1769 1671 2025 1737; x_wconf 83' lang='lat' dir='ltr'><strong>veniere</strong></span> <span class='ocrx_word' id='word_1_95' title='bbox 2054 1671 2328 1755; x_wconf 85' lang='lat' dir='ltr'><strong>passim.</strong></span> 
     </span>
    </p>

    <p class='ocr_par' dir='ltr' id='par_1_10' title="bbox 209 1766 2395 1860">
     <span class='ocr_line' id='line_1_15' title="bbox 209 1766 2395 1860; baseline 0.001 -27"><span class='ocrx_word' id='word_1_96' title='bbox 209 1766 579 1834; x_wconf 81' lang='lat' dir='ltr'><strong>Portorium</strong></span> <span class='ocrx_word' id='word_1_97' title='bbox 604 1769 656 1810; x_wconf 84' lang='lat'><strong>¹⁶</strong></span> <span class='ocrx_word' id='word_1_98' title='bbox 699 1770 930 1836; x_wconf 82' lang='lat' dir='ltr'><strong>dictum</strong></span> <span class='ocrx_word' id='word_1_99' title='bbox 957 1781 1044 1836; x_wconf 80' lang='lat' dir='ltr'><strong>est</strong></span> <span class='ocrx_word' id='word_1_100' title='bbox 1071 1771 1339 1860; x_wconf 77' lang='lat' dir='ltr'><strong>vectigal</strong></span> <span class='ocrx_word' id='word_1_101' title='bbox 1379 1772 1450 1837; x_wconf 79' lang='lat' dir='ltr'><strong>id</strong></span> <span class='ocrx_word' id='word_1_102' title='bbox 1476 1773 1641 1859; x_wconf 81' lang='lat' dir='ltr'><strong>quod</strong></span> <span class='ocrx_word' id='word_1_103' title='bbox 1666 1772 1928 1840; x_wconf 76' lang='lat' dir='ltr'><strong>solvitur</strong></span> <span class='ocrx_word' id='word_1_104' title='bbox 1983 1771 2395 1860; x_wconf 80' lang='lat' dir='ltr'><strong>portitoribus</strong></span> 
     </span>
    </p>
   </div>
   <div class='ocr_carea' id='block_1_10' title="bbox 290 1871 2395 2066">
    <p class='ocr_par' dir='ltr' id='par_1_11' title="bbox 290 1871 2395 2066">
     <span class='ocr_line' id='line_1_16' title="bbox 290 1871 1635 1957; baseline 0.006 -21"><span class='ocrx_word' id='word_1_105' title='bbox 290 1872 401 1957; x_wconf 82' lang='lat' dir='ltr'><strong>qui</strong></span> <span class='ocrx_word' id='word_1_106' title='bbox 427 1871 828 1939; x_wconf 72' lang='lat' dir='ltr'><strong>conduxerint</strong></span> <span class='ocrx_word' id='word_1_107' title='bbox 856 1872 1181 1940; x_wconf 79' lang='lat' dir='ltr'><strong>dimidiato</strong></span> <span class='ocrx_word' id='word_1_108' title='bbox 1272 1924 1288 1939; x_wconf 90' lang='lat'><strong>.</strong></span> <span class='ocrx_word' id='word_1_109' title='bbox 1617 1924 1635 1944; x_wconf 89' lang='lat'><strong>.</strong></span> 
     </span>
     <span class='ocr_line' id='line_1_17' title="bbox 677 1977 2395 2066; baseline 0.002 -25.034"><span class='ocrx_word' id='word_1_110' title='bbox 677 1979 766 2042; x_wconf 79' lang='lat' dir='ltr'><strong>,in</strong></span> <span class='ocrx_word' id='word_1_111' title='bbox 804 1977 1224 2066; x_wconf 78' lang='lat' dir='ltr'><strong>vectigalibus</strong></span> <span class='ocrx_word' id='word_1_112' title='bbox 1272 1989 1477 2043; x_wconf 83' lang='lat' dir='ltr'><strong>autem</strong></span> <span class='ocrx_word' id='word_1_113' title='bbox 1502 1977 2085 2066; x_wconf 80' lang='lat' dir='ltr'><strong>portoriafruenda</strong></span> <span class='ocrx_word' id='word_1_114' title='bbox 2115 1979 2395 2047; x_wconf 79' lang='lat' dir='ltr'><strong>locantur</strong></span> 
     </span>
    </p>
   </div>
   <div class='ocr_carea' id='block_1_11' title="bbox 289 2021 537 2143">
    <p class='ocr_par' dir='ltr' id='par_1_12' title="bbox 289 2021 537 2143">
     <span class='ocr_line' id='line_1_18' title="bbox 289 2021 537 2143; baseline 0 -1"><span class='ocrx_word' id='word_1_115' title='bbox 289 2021 537 2143; x_wconf 59' lang='lat' dir='ltr'><strong>duabus</strong></span> 
     </span>
    </p>
   </div>
   <div class='ocr_carea' id='block_1_12' title="bbox 1614 2084 1916 2168">
    <p class='ocr_par' dir='ltr' id='par_1_13' title="bbox 1614 2084 1916 2168">
     <span class='ocr_line' id='line_1_19' title="bbox 1614 2084 1916 2168; baseline 0 -20"><span class='ocrx_word' id='word_1_116' title='bbox 1614 2084 1916 2168; x_wconf 85' lang='lat' dir='ltr'><strong>ejusque.</strong></span> 
     </span>
    </p>
   </div>
   <div class='ocr_carea' id='block_1_13' title="bbox 287 2177 1518 2249">
    <p class='ocr_par' dir='ltr' id='par_1_14' title="bbox 287 2177 1518 2249">
     <span class='ocr_line' id='line_1_20' title="bbox 287 2177 1518 2249; baseline 0.006 -8"><span class='ocrx_word' id='word_1_117' title='bbox 287 2189 346 2242; x_wconf 83' lang='lat' dir='ltr'><strong>et</strong></span> <span class='ocrx_word' id='word_1_118' title='bbox 378 2177 480 2245; x_wconf 75' lang='lat' dir='ltr'><strong>Ti.</strong></span> <span class='ocrx_word' id='word_1_119' title='bbox 510 2179 947 2247; x_wconf 82' lang='lat' dir='ltr'><strong>Coruncanius</strong></span> <span class='ocrx_word' id='word_1_120' title='bbox 981 2179 1190 2249; x_wconf 77' lang='lat' dir='ltr'><strong>Ti.1‹&#39;.</strong></span> <span class='ocrx_word' id='word_1_121' title='bbox 1227 2180 1518 2248; x_wconf 73' lang='lat' dir='ltr'><strong>Censores</strong></span> 
     </span>
    </p>
   </div>
   <div class='ocr_carea' id='block_1_14' title="bbox 1116 2365 1475 2388">
    <p class='ocr_par' dir='ltr' id='par_1_15' title="bbox 1116 2365 1475 2388">
     <span class='ocr_line' id='line_1_21' title="bbox 1116 2365 1475 2388; baseline -0.006 -1.831"><span class='ocrx_word' id='word_1_122' title='bbox 1116 2365 1475 2388; x_wconf 56' lang='lat' dir='ltr'><strong>OOOWMO</strong></span> 
     </span>
    </p>
   </div>
   <div class='ocr_carea' id='block_1_15' title="bbox 200 2481 2412 2617">
    <p class='ocr_par' dir='ltr' id='par_1_16' title="bbox 200 2481 2412 2617">
     <span class='ocr_line' id='line_1_22' title="bbox 267 2481 2412 2546; baseline 0 -16"><span class='ocrx_word' id='word_1_123' title='bbox 267 2484 326 2531; x_wconf 75' lang='lat'><strong>14</strong></span> <span class='ocrx_word' id='word_1_124' title='bbox 360 2481 486 2532; x_wconf 80' lang='lat' dir='ltr'><strong>Vct.</strong></span> <span class='ocrx_word' id='word_1_125' title='bbox 530 2482 620 2533; x_wconf 87' lang='lat' dir='ltr'><strong>lib.</strong></span> <span class='ocrx_word' id='word_1_126' title='bbox 654 2482 821 2533; x_wconf 64' lang='lat' dir='ltr'><strong>ulida.</strong></span> <span class='ocrx_word' id='word_1_127' title='bbox 822 2489 948 2534; x_wconf 77' lang='lat'><strong>—15</strong></span> <span class='ocrx_word' id='word_1_128' title='bbox 986 2486 1107 2539; x_wconf 76' lang='lat' dir='ltr'><strong>Vct.</strong></span> <span class='ocrx_word' id='word_1_129' title='bbox 1144 2486 1237 2538; x_wconf 86' lang='lat' dir='ltr'><strong>lib.</strong></span> <span class='ocrx_word' id='word_1_130' title='bbox 1288 2488 1709 2537; x_wconf 49' lang='lat' dir='ltr'><strong>porticulus—lo</strong></span> <span class='ocrx_word' id='word_1_131' title='bbox 1742 2484 2032 2535; x_wconf 75' lang='lat' dir='ltr'><strong>Portomm</strong></span> <span class='ocrx_word' id='word_1_132' title='bbox 2072 2483 2270 2546; x_wconf 63' lang='lat' dir='ltr'><strong>dictum,</strong></span> <span class='ocrx_word' id='word_1_133' title='bbox 2308 2485 2389 2545; x_wconf 56' lang='lat' dir='ltr'><strong>&amp;a</strong></span> <span class='ocrx_word' id='word_1_134' title='bbox 2405 2540 2412 2545; x_wconf 31' lang='lat'><strong>¹</strong></span> 
     </span>
     <span class='ocr_line' id='line_1_23' title="bbox 200 2544 1972 2617; baseline 0.001 -21"><span class='ocrx_word' id='word_1_135' title='bbox 200 2544 350 2602; x_wconf 76' lang='lat' dir='ltr'><strong>Haec,</strong></span> <span class='ocrx_word' id='word_1_136' title='bbox 372 2546 426 2597; x_wconf 89' lang='lat' dir='ltr'><strong>in</strong></span> <span class='ocrx_word' id='word_1_137' title='bbox 450 2546 566 2598; x_wconf 77' lang='lat' dir='ltr'><strong>aliis</strong></span> <span class='ocrx_word' id='word_1_138' title='bbox 582 2548 702 2600; x_wconf 82' lang='lat' dir='ltr'><strong>edd.</strong></span> <span class='ocrx_word' id='word_1_139' title='bbox 722 2550 1089 2617; x_wconf 63' lang='lat' dir='ltr'><strong>manumissa,</strong></span> <span class='ocrx_word' id='word_1_140' title='bbox 1109 2566 1176 2602; x_wconf 79' lang='lat' dir='ltr'><strong>ex</strong></span> <span class='ocrx_word' id='word_1_141' title='bbox 1192 2552 1409 2605; x_wconf 77' lang='lat' dir='ltr'><strong>schedis</strong></span> <span class='ocrx_word' id='word_1_142' title='bbox 1434 2551 1618 2602; x_wconf 77' lang='lat' dir='ltr'><strong>addita</strong></span> <span class='ocrx_word' id='word_1_143' title='bbox 1640 2558 1762 2601; x_wconf 85' lang='lat' dir='ltr'><strong>sunt</strong></span> <span class='ocrx_word' id='word_1_144' title='bbox 1785 2565 1816 2599; x_wconf 81' lang='lat' dir='ltr'><strong>a</strong></span> <span class='ocrx_word' id='word_1_145' title='bbox 1836 2550 1972 2600; x_wconf 79' lang='lat' dir='ltr'><strong>Dae.</strong></span> 
     </span>
    </p>
   </div>
   <div class='ocr_carea' id='block_1_16' title="bbox 1195 2774 1407 2826">
    <p class='ocr_par' dir='ltr' id='par_1_17' title="bbox 1195 2774 1407 2826">
     <span class='ocr_line' id='line_1_24' title="bbox 1195 2774 1407 2826; baseline -0.005 0"><span class='ocrx_word' id='word_1_146' title='bbox 1195 2774 1407 2826; x_wconf 77' lang='lat' dir='ltr'>NOTAE</span> 
     </span>
    </p>
   </div>
   <div class='ocr_carea' id='block_1_17' title="bbox 194 2901 1255 3123">
    <p class='ocr_par' dir='ltr' id='par_1_18' title="bbox 194 2901 1255 3123">
     <span class='ocr_line' id='line_1_25' title="bbox 257 2901 1253 2966; baseline 0.006 -17"><span class='ocrx_word' id='word_1_147' title='bbox 257 2906 286 2941; x_wconf 71' lang='lat' dir='ltr'><strong>P</strong></span> <span class='ocrx_word' id='word_1_148' title='bbox 308 2901 546 2952; x_wconf 72' lang='lat' dir='ltr'><strong>Portenta</strong></span> <span class='ocrx_word' id='word_1_149' title='bbox 566 2901 749 2966; x_wconf 69' lang='lat' dir='ltr'><strong>rerunt]</strong></span> <span class='ocrx_word' id='word_1_150' title='bbox 774 2904 880 2953; x_wconf 85' lang='lat' dir='ltr'><strong>Pro</strong></span> <span class='ocrx_word' id='word_1_151' title='bbox 899 2905 1059 2961; x_wconf 75' lang='lat' dir='ltr'><strong>solita,</strong></span> <span class='ocrx_word' id='word_1_152' title='bbox 1082 2903 1253 2955; x_wconf 79' lang='lat' dir='ltr'><strong>diver·</strong></span> 
     </span>
     <span class='ocr_line' id='line_1_26' title="bbox 196 2979 1255 3045; baseline 0.006 -19"><span class='ocrx_word' id='word_1_153' title='bbox 196 2991 252 3027; x_wconf 75' lang='lat' dir='ltr'><strong>sa</strong></span> <span class='ocrx_word' id='word_1_154' title='bbox 268 2979 432 3030; x_wconf 85' lang='lat' dir='ltr'><strong>lectio</strong></span> <span class='ocrx_word' id='word_1_155' title='bbox 454 2986 691 3045; x_wconf 77' lang='lat' dir='ltr'><strong>apparet,</strong></span> <span class='ocrx_word' id='word_1_156' title='bbox 712 2981 882 3045; x_wconf 73' lang='lat' dir='ltr'><strong>solida,</strong></span> <span class='ocrx_word' id='word_1_157' title='bbox 903 2983 1064 3032; x_wconf 77' lang='lat' dir='ltr'><strong>male:</strong></span> <span class='ocrx_word' id='word_1_158' title='bbox 1101 2983 1117 3010; x_wconf 88' lang='lat'>‘</span> <span class='ocrx_word' id='word_1_159' title='bbox 1136 2997 1255 3032; x_wconf 86' lang='lat' dir='ltr'><strong>cum</strong></span> 
     </span>
     <span class='ocr_line' id='line_1_27' title="bbox 194 3056 1255 3123; baseline 0.005 -18"><span class='ocrx_word' id='word_1_160' title='bbox 194 3056 350 3106; x_wconf 81' lang='lat' dir='ltr'><strong>solita</strong></span> <span class='ocrx_word' id='word_1_161' title='bbox 396 3072 623 3123; x_wconf 83' lang='lat' dir='ltr'><strong>corpora</strong></span> <span class='ocrx_word' id='word_1_162' title='bbox 666 3073 785 3108; x_wconf 74' lang='lat' dir='ltr'><strong>raro</strong></span> <span class='ocrx_word' id='word_1_163' title='bbox 826 3073 883 3109; x_wconf 80' lang='lat' dir='ltr'><strong>se</strong></span> <span class='ocrx_word' id='word_1_164' title='bbox 937 3059 1255 3117; x_wconf 82' lang='lat' dir='ltr'><strong>ostendunt,&#39;</strong></span> 
     </span>
    </p>
   </div>
   <div class='ocr_carea' id='block_1_18' title="bbox 192 3131 1261 3199">
    <p class='ocr_par' dir='ltr' id='par_1_19' title="bbox 192 3131 1261 3199">
     <span class='ocr_line' id='line_1_28' title="bbox 192 3131 1261 3199; baseline 0.005 -18"><span class='ocrx_word' id='word_1_165' title='bbox 192 3131 291 3183; x_wconf 79' lang='lat' dir='ltr'><strong>hoc</strong></span> <span class='ocrx_word' id='word_1_166' title='bbox 322 3142 426 3192; x_wconf 78' lang='lat' dir='ltr'><strong>est,</strong></span> <span class='ocrx_word' id='word_1_167' title='bbox 464 3148 581 3185; x_wconf 87' lang='lat' dir='ltr'><strong>cum</strong></span> <span class='ocrx_word' id='word_1_168' title='bbox 620 3149 839 3199; x_wconf 78' lang='lat' dir='ltr'><strong>corpora</strong></span> <span class='ocrx_word' id='word_1_169' title='bbox 872 3150 928 3185; x_wconf 82' lang='lat' dir='ltr'><strong>se</strong></span> <span class='ocrx_word' id='word_1_170' title='bbox 959 3136 1261 3196; x_wconf 74' lang='lat' dir='ltr'><strong>ostendunt,</strong></span> 
     </span>
    </p>
   </div>
   <div class='ocr_carea' id='block_1_19' title="bbox 183 3210 1259 4352">
    <p class='ocr_par' dir='ltr' id='par_1_20' title="bbox 193 3210 1259 3338">
     <span class='ocr_line' id='line_1_29' title="bbox 193 3210 1259 3271; baseline 0.005 -13"><span class='ocrx_word' id='word_1_171' title='bbox 193 3220 310 3271; x_wconf 72' lang='lat' dir='ltr'><strong>qun</strong></span> <span class='ocrx_word' id='word_1_172' title='bbox 348 3224 471 3261; x_wconf 77' lang='lat' dir='ltr'><strong>raro</strong></span> <span class='ocrx_word' id='word_1_173' title='bbox 516 3225 574 3261; x_wconf 85' lang='lat' dir='ltr'><strong>se</strong></span> <span class='ocrx_word' id='word_1_174' title='bbox 617 3210 893 3264; x_wconf 79' lang='lat' dir='ltr'><strong>ostendero</strong></span> <span class='ocrx_word' id='word_1_175' title='bbox 931 3212 1087 3263; x_wconf 79' lang='lat' dir='ltr'><strong>solita</strong></span> <span class='ocrx_word' id='word_1_176' title='bbox 1125 3219 1259 3263; x_wconf 86' lang='lat' dir='ltr'><strong>sunt.</strong></span> 
     </span>
     <span class='ocr_line' id='line_1_30' title="bbox 193 3285 349 3338; baseline 0.032 -5"><span class='ocrx_word' id='word_1_177' title='bbox 193 3285 349 3338; x_wconf 69' lang='lat' dir='ltr'><strong>Idem.</strong></span> 
     </span>
    </p>

    <p class='ocr_par' dir='ltr' id='par_1_21' title="bbox 191 3361 1257 3507">
     <span class='ocr_line' id='line_1_31' title="bbox 253 3361 1257 3426; baseline 0.007 -15"><span class='ocrx_word' id='word_1_178' title='bbox 253 3370 279 3403; x_wconf 57' lang='grc' dir='ltr'>ἢ</span> <span class='ocrx_word' id='word_1_179' title='bbox 329 3361 658 3426; x_wconf 71' lang='lat' dir='ltr'><strong>Portiseulus]</strong></span> <span class='ocrx_word' id='word_1_180' title='bbox 711 3365 890 3415; x_wconf 86' lang='lat' dir='ltr'><strong>Utitur</strong></span> <span class='ocrx_word' id='word_1_181' title='bbox 943 3365 1042 3417; x_wconf 79' lang='lat' dir='ltr'><strong>hoc</strong></span> <span class='ocrx_word' id='word_1_182' title='bbox 1099 3368 1257 3419; x_wconf 75' lang='lat' dir='ltr'><strong>verbo</strong></span> 
     </span>
     <span class='ocr_line' id='line_1_32' title="bbox 191 3437 1089 3507; baseline 0.009 -20"><span class='ocrx_word' id='word_1_183' title='bbox 191 3437 413 3491; x_wconf 80' lang='lat' dir='ltr'><strong>Plautus</strong></span> <span class='ocrx_word' id='word_1_184' title='bbox 437 3442 495 3490; x_wconf 89' lang='lat' dir='ltr'><strong>in</strong></span> <span class='ocrx_word' id='word_1_185' title='bbox 520 3441 775 3493; x_wconf 78' lang='lat' dir='ltr'><strong>Asinaria.</strong></span> <span class='ocrx_word' id='word_1_186' title='bbox 810 3442 932 3492; x_wconf 76' lang='lat' dir='ltr'><strong>Ant.</strong></span> <span class='ocrx_word' id='word_1_187' title='bbox 956 3444 1089 3507; x_wconf 69' lang='lat' dir='ltr'><strong>Aug.</strong></span> 
     </span>
    </p>

    <p class='ocr_par' dir='ltr' id='par_1_22' title="bbox 183 3516 1256 4352">
     <span class='ocr_line' id='line_1_33' title="bbox 254 3516 1256 3584; baseline 0.005 -19"><span class='ocrx_word' id='word_1_188' title='bbox 254 3516 585 3580; x_wconf 66' lang='lat' dir='ltr'><strong>Portisculns]</strong></span> <span class='ocrx_word' id='word_1_189' title='bbox 620 3516 852 3567; x_wconf 74' lang='lat' dir='ltr'><strong>Glossae:</strong></span> <span class='ocrx_word' id='word_1_190' title='bbox 893 3520 910 3547; x_wconf 89' lang='lat'>‘</span> <span class='ocrx_word' id='word_1_191' title='bbox 942 3519 1256 3584; x_wconf 64' lang='lat' dir='ltr'><strong>Por-ticulum,</strong></span> 
     </span>
     <span class='ocr_line' id='line_1_34' title="bbox 191 3593 1255 3660; baseline 0.004 -17"><span class='ocrx_word' id='word_1_192' title='bbox 191 3593 490 3652; x_wconf 64' lang='lat' dir='ltr'><strong>mum-bs!</strong></span> <span class='ocrx_word' id='word_1_193' title='bbox 547 3594 652 3647; x_wconf 85' lang='lat' dir='ltr'><strong>Qui</strong></span> <span class='ocrx_word' id='word_1_194' title='bbox 673 3602 754 3644; x_wconf 83' lang='lat' dir='ltr'><strong>est</strong></span> <span class='ocrx_word' id='word_1_195' title='bbox 777 3609 953 3659; x_wconf 77' lang='lat' dir='ltr'><strong>praeco</strong></span> <span class='ocrx_word' id='word_1_196' title='bbox 974 3596 1116 3660; x_wconf 74' lang='lat' dir='ltr'><strong>alias,</strong></span> <span class='ocrx_word' id='word_1_197' title='bbox 1136 3598 1180 3646; x_wconf 84' lang='lat' dir='ltr'><strong>is</strong></span> <span class='ocrx_word' id='word_1_198' title='bbox 1202 3599 1255 3647; x_wconf 86' lang='lat' dir='ltr'><strong>in</strong></span> 
     </span>
     <span class='ocr_line' id='line_1_35' title="bbox 188 3672 1255 3737; baseline 0.002 -16"><span class='ocrx_word' id='word_1_199' title='bbox 188 3686 319 3723; x_wconf 77' lang='lat' dir='ltr'><strong>nave</strong></span> <span class='ocrx_word' id='word_1_200' title='bbox 357 3672 706 3736; x_wconf 76' lang='lat' dir='ltr'><strong>portisculus:</strong></span> <span class='ocrx_word' id='word_1_201' title='bbox 742 3687 917 3737; x_wconf 70' lang='lat' dir='ltr'><strong>praeco</strong></span> <span class='ocrx_word' id='word_1_202' title='bbox 943 3674 1255 3725; x_wconf 78' lang='lat' dir='ltr'><strong>audientiam</strong></span> 
     </span>
     <span class='ocr_line' id='line_1_36' title="bbox 188 3747 1256 3814; baseline 0.003 -17"><span class='ocrx_word' id='word_1_203' title='bbox 188 3747 422 3799; x_wconf 70' lang='lat' dir='ltr'><strong>faciebat</strong></span> <span class='ocrx_word' id='word_1_204' title='bbox 446 3748 502 3797; x_wconf 88' lang='lat' dir='ltr'><strong>in</strong></span> <span class='ocrx_word' id='word_1_205' title='bbox 523 3747 772 3812; x_wconf 86' lang='lat' dir='ltr'><strong>Comitiis,</strong></span> <span class='ocrx_word' id='word_1_206' title='bbox 787 3750 837 3798; x_wconf 89' lang='lat' dir='ltr'><strong>in</strong></span> <span class='ocrx_word' id='word_1_207' title='bbox 857 3750 1019 3799; x_wconf 77' lang='lat' dir='ltr'><strong>saeris</strong></span> <span class='ocrx_word' id='word_1_208' title='bbox 1039 3758 1093 3800; x_wconf 87' lang='lat' dir='ltr'><strong>et</strong></span> <span class='ocrx_word' id='word_1_209' title='bbox 1109 3765 1256 3814; x_wconf 84' lang='lat' dir='ltr'><strong>spec·</strong></span> 
     </span>
     <span class='ocr_line' id='line_1_37' title="bbox 189 3823 1255 3890; baseline 0.001 -16"><span class='ocrx_word' id='word_1_210' title='bbox 189 3826 373 3876; x_wconf 75' lang='lat' dir='ltr'><strong>taeniis</strong></span> <span class='ocrx_word' id='word_1_211' title='bbox 420 3823 738 3875; x_wconf 63' lang='lat' dir='ltr'><strong>faventiam:</strong></span> <span class='ocrx_word' id='word_1_212' title='bbox 793 3827 1102 3890; x_wconf 83' lang='lat' dir='ltr'><strong>portisculus</strong></span> <span class='ocrx_word' id='word_1_213' title='bbox 1148 3841 1255 3875; x_wconf 84' lang='lat' dir='ltr'><strong>rno-</strong></span> 
     </span>
     <span class='ocr_line' id='line_1_38' title="bbox 187 3902 1255 3966; baseline 0 -14"><span class='ocrx_word' id='word_1_214' title='bbox 187 3902 309 3953; x_wconf 76' lang='lat' dir='ltr'><strong>dum</strong></span> <span class='ocrx_word' id='word_1_215' title='bbox 334 3902 619 3966; x_wconf 71' lang='lat' dir='ltr'><strong>remigibus</strong></span> <span class='ocrx_word' id='word_1_216' title='bbox 642 3902 818 3953; x_wconf 75' lang='lat' dir='ltr'><strong>dabat.</strong></span> <span class='ocrx_word' id='word_1_217' title='bbox 843 3904 896 3952; x_wconf 90' lang='lat' dir='ltr'><strong>in</strong></span> <span class='ocrx_word' id='word_1_218' title='bbox 920 3904 1090 3954; x_wconf 79' lang='lat' dir='ltr'><strong>verbis</strong></span> <span class='ocrx_word' id='word_1_219' title='bbox 1104 3902 1255 3953; x_wconf 78' lang='lat' dir='ltr'><strong>Cato·</strong></span> 
     </span>
     <span class='ocr_line' id='line_1_39' title="bbox 188 3980 1253 4046; baseline -0.001 -17"><span class='ocrx_word' id='word_1_220' title='bbox 188 3980 268 4029; x_wconf 86' lang='lat' dir='ltr'><strong>nis</strong></span> <span class='ocrx_word' id='word_1_221' title='bbox 292 3980 489 4031; x_wconf 85' lang='lat' dir='ltr'><strong>dieitur</strong></span> <span class='ocrx_word' id='word_1_222' title='bbox 511 3980 664 4029; x_wconf 85' lang='lat' dir='ltr'><strong>Viros</strong></span> <span class='ocrx_word' id='word_1_223' title='bbox 687 3980 965 4038; x_wconf 81' lang='lat' dir='ltr'><strong>Romanos,</strong></span> <span class='ocrx_word' id='word_1_224' title='bbox 990 3980 1079 4046; x_wconf 88' lang='lat' dir='ltr'><strong>qui</strong></span> <span class='ocrx_word' id='word_1_225' title='bbox 1107 3980 1253 4031; x_wconf 84' lang='lat' dir='ltr'><strong>remi·</strong></span> 
     </span>
     <span class='ocr_line' id='line_1_40' title="bbox 188 4056 1251 4122; baseline -0.002 -15"><span class='ocrx_word' id='word_1_226' title='bbox 188 4072 276 4122; x_wconf 77' lang='lat' dir='ltr'><strong>ges</strong></span> <span class='ocrx_word' id='word_1_227' title='bbox 293 4056 483 4120; x_wconf 83' lang='lat' dir='ltr'><strong>scripti</strong></span> <span class='ocrx_word' id='word_1_228' title='bbox 507 4063 674 4119; x_wconf 80' lang='lat' dir='ltr'><strong>erant,</strong></span> <span class='ocrx_word' id='word_1_229' title='bbox 690 4072 784 4120; x_wconf 85' lang='lat' dir='ltr'><strong>per</strong></span> <span class='ocrx_word' id='word_1_230' title='bbox 802 4058 1136 4121; x_wconf 76' lang='lat' dir='ltr'><strong>portisculum</strong></span> <span class='ocrx_word' id='word_1_231' title='bbox 1156 4057 1251 4106; x_wconf 85' lang='lat' dir='ltr'><strong>sub</strong></span> 
     </span>
     <span class='ocr_line' id='line_1_41' title="bbox 186 4132 1250 4199; baseline 0.001 -16"><span class='ocrx_word' id='word_1_232' title='bbox 186 4133 352 4199; x_wconf 80' lang='lat' dir='ltr'><strong>flagro</strong></span> <span class='ocrx_word' id='word_1_233' title='bbox 393 4132 635 4184; x_wconf 81' lang='lat' dir='ltr'><strong>veniisse.</strong></span> <span class='ocrx_word' id='word_1_234' title='bbox 700 4134 766 4184; x_wconf 85' lang='lat' dir='ltr'><strong>In</strong></span> <span class='ocrx_word' id='word_1_235' title='bbox 804 4149 906 4199; x_wconf 88' lang='lat' dir='ltr'><strong>qno</strong></span> <span class='ocrx_word' id='word_1_236' title='bbox 946 4141 1030 4184; x_wconf 86' lang='lat' dir='ltr'><strong>est</strong></span> <span class='ocrx_word' id='word_1_237' title='bbox 1056 4135 1250 4199; x_wconf 79' lang='lat' dir='ltr'><strong>duplex</strong></span> 
     </span>
     <span class='ocr_line' id='line_1_42' title="bbox 186 4211 1251 4278; baseline 0.001 -17"><span class='ocrx_word' id='word_1_238' title='bbox 186 4212 519 4278; x_wconf 77' lang='lat' dir='ltr'><strong>antiquitatis</strong></span> <span class='ocrx_word' id='word_1_239' title='bbox 551 4211 722 4261; x_wconf 85' lang='lat' dir='ltr'><strong>notio:</strong></span> <span class='ocrx_word' id='word_1_240' title='bbox 756 4226 862 4261; x_wconf 76' lang='lat' dir='ltr'><strong>um</strong></span> <span class='ocrx_word' id='word_1_241' title='bbox 896 4212 1034 4262; x_wconf 81' lang='lat' dir='ltr'><strong>cives</strong></span> <span class='ocrx_word' id='word_1_242' title='bbox 1066 4214 1251 4262; x_wconf 83' lang='lat' dir='ltr'><strong>Roma-</strong></span> 
     </span>
     <span class='ocr_line' id='line_1_43' title="bbox 183 4286 1249 4352; baseline 0.003 -14"><span class='ocrx_word' id='word_1_243' title='bbox 183 4303 277 4339; x_wconf 87' lang='lat' dir='ltr'><strong>nos</strong></span> <span class='ocrx_word' id='word_1_244' title='bbox 302 4288 371 4339; x_wconf 86' lang='lat' dir='ltr'><strong>ob</strong></span> <span class='ocrx_word' id='word_1_245' title='bbox 396 4286 593 4351; x_wconf 77' lang='lat' dir='ltr'><strong>capital</strong></span> <span class='ocrx_word' id='word_1_246' title='bbox 615 4286 888 4339; x_wconf 78' lang='lat' dir='ltr'><strong>admissum</strong></span> <span class='ocrx_word' id='word_1_247' title='bbox 911 4288 1052 4352; x_wconf 85' lang='lat' dir='ltr'><strong>prius</strong></span> <span class='ocrx_word' id='word_1_248' title='bbox 1071 4289 1249 4341; x_wconf 79' lang='lat' dir='ltr'><strong>verbe·</strong></span> 
     </span>
    </p>
   </div>
   <div class='ocr_carea' id='block_1_20' title="bbox 1329 2898 2399 4263">
    <p class='ocr_par' dir='ltr' id='par_1_23' title="bbox 1334 2898 2396 3498">
     <span class='ocr_line' id='line_1_44' title="bbox 1334 2898 2393 2970; baseline -0.004 -15"><span class='ocrx_word' id='word_1_249' title='bbox 1334 2905 1474 2957; x_wconf 83' lang='lat' dir='ltr'><strong>ribus</strong></span> <span class='ocrx_word' id='word_1_250' title='bbox 1498 2904 1653 2970; x_wconf 65' lang='lat' dir='ltr'><strong>cedi,</strong></span> <span class='ocrx_word' id='word_1_251' title='bbox 1672 2903 1862 2955; x_wconf 81' lang='lat' dir='ltr'><strong>deindo</strong></span> <span class='ocrx_word' id='word_1_252' title='bbox 1887 2917 2042 2953; x_wconf 82' lang='lat' dir='ltr'><strong>numo</strong></span> <span class='ocrx_word' id='word_1_253' title='bbox 2060 2898 2322 2963; x_wconf 78' lang='lat' dir='ltr'><strong>sestertio,</strong></span> <span class='ocrx_word' id='word_1_254' title='bbox 2347 2902 2393 2951; x_wconf 84' lang='lat' dir='ltr'><strong>si</strong></span> 
     </span>
     <span class='ocr_line' id='line_1_45' title="bbox 1335 2976 2392 3043; baseline -0.006 -11"><span class='ocrx_word' id='word_1_255' title='bbox 1335 2982 1514 3032; x_wconf 64' lang='lat' dir='ltr'><strong>Romu</strong></span> <span class='ocrx_word' id='word_1_256' title='bbox 1546 2988 1740 3043; x_wconf 82' lang='lat' dir='ltr'><strong>essent,</strong></span> <span class='ocrx_word' id='word_1_257' title='bbox 1779 2988 1925 3031; x_wconf 72' lang='lat' dir='ltr'><strong>trans</strong></span> <span class='ocrx_word' id='word_1_258' title='bbox 1953 2978 2177 3029; x_wconf 77' lang='lat' dir='ltr'><strong>Tiberim</strong></span> <span class='ocrx_word' id='word_1_259' title='bbox 2213 2976 2392 3026; x_wconf 77' lang='lat' dir='ltr'><strong>venire</strong></span> 
     </span>
     <span class='ocr_line' id='line_1_46' title="bbox 1335 3052 2393 3122; baseline -0.006 -14"><span class='ocrx_word' id='word_1_260' title='bbox 1335 3058 1548 3108; x_wconf 80' lang='lat' dir='ltr'><strong>solitos:</strong></span> <span class='ocrx_word' id='word_1_261' title='bbox 1582 3058 1766 3120; x_wconf 75' lang='lat' dir='ltr'><strong>alters,</strong></span> <span class='ocrx_word' id='word_1_262' title='bbox 1797 3056 1888 3122; x_wconf 82' lang='lat' dir='ltr'><strong>qui</strong></span> <span class='ocrx_word' id='word_1_263' title='bbox 1920 3054 2090 3119; x_wconf 72' lang='lat' dir='ltr'><strong>flagris</strong></span> <span class='ocrx_word' id='word_1_264' title='bbox 2121 3052 2393 3104; x_wconf 65' lang='lat' dir='ltr'><strong>cedeban-</strong></span> 
     </span>
     <span class='ocr_line' id='line_1_47' title="bbox 1339 3132 2393 3200; baseline -0.005 -14"><span class='ocrx_word' id='word_1_265' title='bbox 1339 3143 1437 3195; x_wconf 87' lang='lat' dir='ltr'><strong>tur,</strong></span> <span class='ocrx_word' id='word_1_266' title='bbox 1477 3137 1516 3187; x_wconf 87' lang='lat' dir='ltr'><strong>ii</strong></span> <span class='ocrx_word' id='word_1_267' title='bbox 1553 3136 1651 3187; x_wconf 86' lang='lat' dir='ltr'><strong>snb</strong></span> <span class='ocrx_word' id='word_1_268' title='bbox 1690 3149 1949 3200; x_wconf 74' lang='lat' dir='ltr'><strong>proecone,</strong></span> <span class='ocrx_word' id='word_1_269' title='bbox 1985 3141 2078 3184; x_wconf 81' lang='lat' dir='ltr'><strong>aut</strong></span> <span class='ocrx_word' id='word_1_270' title='bbox 2100 3134 2143 3183; x_wconf 77' lang='lat' dir='ltr'><strong>si</strong></span> <span class='ocrx_word' id='word_1_271' title='bbox 2171 3132 2393 3196; x_wconf 79' lang='lat' dir='ltr'><strong>remiges</strong></span> 
     </span>
     <span class='ocr_line' id='line_1_48' title="bbox 1336 3209 2394 3277; baseline -0.005 -15"><span class='ocrx_word' id='word_1_272' title='bbox 1336 3220 1532 3273; x_wconf 80' lang='lat' dir='ltr'><strong>essent,</strong></span> <span class='ocrx_word' id='word_1_273' title='bbox 1574 3213 1670 3263; x_wconf 83' lang='lat' dir='ltr'><strong>sub</strong></span> <span class='ocrx_word' id='word_1_274' title='bbox 1713 3212 1997 3277; x_wconf 78' lang='lat' dir='ltr'><strong>portisculo</strong></span> <span class='ocrx_word' id='word_1_275' title='bbox 2034 3209 2394 3260; x_wconf 66' lang='lat' dir='ltr'><strong>cudebantur.</strong></span> 
     </span>
     <span class='ocr_line' id='line_1_49' title="bbox 1338 3287 2394 3356; baseline -0.004 -15"><span class='ocrx_word' id='word_1_276' title='bbox 1338 3290 1618 3342; x_wconf 80' lang='lat' dir='ltr'><strong>Horatius:</strong></span> <span class='ocrx_word' id='word_1_277' title='bbox 1635 3292 1651 3320; x_wconf 82' lang='lat'>⁸</span> <span class='ocrx_word' id='word_1_278' title='bbox 1666 3290 1854 3341; x_wconf 79' lang='lat' dir='ltr'><strong>Sectus</strong></span> <span class='ocrx_word' id='word_1_279' title='bbox 1875 3288 2095 3356; x_wconf 78' lang='lat' dir='ltr'><strong>flagellis</strong></span> <span class='ocrx_word' id='word_1_280' title='bbox 2109 3289 2192 3339; x_wconf 83' lang='lat' dir='ltr'><strong>hic</strong></span> <span class='ocrx_word' id='word_1_281' title='bbox 2216 3287 2394 3338; x_wconf 81' lang='lat' dir='ltr'><strong>triurn-</strong></span> 
     </span>
     <span class='ocr_line' id='line_1_50' title="bbox 1339 3362 2396 3420; baseline -0.002 -4"><span class='ocrx_word' id='word_1_282' title='bbox 1339 3368 1587 3419; x_wconf 80' lang='lat' dir='ltr'><strong>viralibns</strong></span> <span class='ocrx_word' id='word_1_283' title='bbox 1639 3369 1910 3420; x_wconf 74' lang='lat' dir='ltr'><strong>Praeconis</strong></span> <span class='ocrx_word' id='word_1_284' title='bbox 1965 3368 2033 3418; x_wconf 72' lang='lat' dir='ltr'><strong>ad</strong></span> <span class='ocrx_word' id='word_1_285' title='bbox 2094 3362 2396 3416; x_wconf 74' lang='lat' dir='ltr'><strong>fastidium-⁹</strong></span> 
     </span>
     <span class='ocr_line' id='line_1_51' title="bbox 1337 3447 1597 3498; baseline 0.012 -3"><span class='ocrx_word' id='word_1_286' title='bbox 1337 3448 1446 3497; x_wconf 74' lang='lat' dir='ltr'><strong>Ju.</strong></span> <span class='ocrx_word' id='word_1_287' title='bbox 1467 3447 1597 3498; x_wconf 65' lang='lat' dir='ltr'><strong>Sul.</strong></span> 
     </span>
    </p>

    <p class='ocr_par' dir='ltr' id='par_1_24' title="bbox 1329 3517 2399 4263">
     <span class='ocr_line' id='line_1_52' title="bbox 1404 3517 2394 3587; baseline -0.008 -14"><span class='ocrx_word' id='word_1_288' title='bbox 1404 3523 1726 3587; x_wconf 62' lang='lat' dir='ltr'><strong>Por-timaus]</strong></span> <span class='ocrx_word' id='word_1_289' title='bbox 1757 3523 1828 3572; x_wconf 90' lang='lat' dir='ltr'><strong>Et</strong></span> <span class='ocrx_word' id='word_1_290' title='bbox 1859 3519 2117 3571; x_wconf 80' lang='lat' dir='ltr'><strong>hominem</strong></span> <span class='ocrx_word' id='word_1_291' title='bbox 2143 3526 2198 3569; x_wconf 86' lang='lat' dir='ltr'><strong>et</strong></span> <span class='ocrx_word' id='word_1_292' title='bbox 2231 3517 2394 3582; x_wconf 82' lang='lat' dir='ltr'><strong>perti·</strong></span> 
     </span>
     <span class='ocr_line' id='line_1_53' title="bbox 1339 3593 2394 3664; baseline -0.007 -16"><span class='ocrx_word' id='word_1_293' title='bbox 1339 3612 1453 3649; x_wconf 78' lang='lat' dir='ltr'><strong>earn</strong></span> <span class='ocrx_word' id='word_1_294' title='bbox 1476 3613 1581 3664; x_wconf 84' lang='lat' dir='ltr'><strong>qna</strong></span> <span class='ocrx_word' id='word_1_295' title='bbox 1600 3598 1643 3647; x_wconf 83' lang='lat' dir='ltr'><strong>is</strong></span> <span class='ocrx_word' id='word_1_296' title='bbox 1666 3598 1911 3648; x_wconf 81' lang='lat' dir='ltr'><strong>utebatur</strong></span> <span class='ocrx_word' id='word_1_297' title='bbox 1939 3595 2216 3659; x_wconf 71' lang='lat' dir='ltr'><strong>significat.</strong></span> <span class='ocrx_word' id='word_1_298' title='bbox 2284 3593 2394 3643; x_wconf 86' lang='lat' dir='ltr'><strong>No·</strong></span> 
     </span>
     <span class='ocr_line' id='line_1_54' title="bbox 1335 3669 2396 3735; baseline -0.008 -10"><span class='ocrx_word' id='word_1_299' title='bbox 1335 3677 1479 3725; x_wconf 82' lang='lat' dir='ltr'><strong>nius:</strong></span> <span class='ocrx_word' id='word_1_300' title='bbox 1512 3678 1529 3704; x_wconf 83' lang='lat'><strong>⁴</strong></span> <span class='ocrx_word' id='word_1_301' title='bbox 1546 3674 1872 3725; x_wconf 83' lang='lat' dir='ltr'><strong>Portisculus</strong></span> <span class='ocrx_word' id='word_1_302' title='bbox 1893 3671 2102 3735; x_wconf 80' lang='lat' dir='ltr'><strong>proprie</strong></span> <span class='ocrx_word' id='word_1_303' title='bbox 2123 3675 2205 3719; x_wconf 82' lang='lat' dir='ltr'><strong>est</strong></span> <span class='ocrx_word' id='word_1_304' title='bbox 2224 3669 2396 3717; x_wconf 72' lang='lat' dir='ltr'><strong>horta·</strong></span> 
     </span>
     <span class='ocr_line' id='line_1_55' title="bbox 1340 3744 2395 3813; baseline -0.008 -13"><span class='ocrx_word' id='word_1_305' title='bbox 1340 3760 1421 3800; x_wconf 84' lang='lat' dir='ltr'><strong>tor</strong></span> <span class='ocrx_word' id='word_1_306' title='bbox 1462 3750 1733 3813; x_wconf 73' lang='lat' dir='ltr'><strong>remigum,</strong></span> <span class='ocrx_word' id='word_1_307' title='bbox 1780 3750 1879 3797; x_wconf 82' lang='lat' dir='ltr'><strong>hoc</strong></span> <span class='ocrx_word' id='word_1_308' title='bbox 1912 3754 2013 3809; x_wconf 81' lang='lat' dir='ltr'><strong>est,</strong></span> <span class='ocrx_word' id='word_1_309' title='bbox 2053 3746 2140 3809; x_wconf 87' lang='lat' dir='ltr'><strong>qui</strong></span> <span class='ocrx_word' id='word_1_310' title='bbox 2174 3744 2395 3795; x_wconf 73' lang='lat' dir='ltr'><strong>eandem</strong></span> 
     </span>
     <span class='ocr_line' id='line_1_56' title="bbox 1337 3820 2393 3891; baseline -0.006 -16"><span class='ocrx_word' id='word_1_311' title='bbox 1337 3827 1586 3891; x_wconf 81' lang='lat' dir='ltr'><strong>perticam</strong></span> <span class='ocrx_word' id='word_1_312' title='bbox 1609 3830 1776 3888; x_wconf 83' lang='lat' dir='ltr'><strong>tenet,</strong></span> <span class='ocrx_word' id='word_1_313' title='bbox 1797 3838 1916 3889; x_wconf 66' lang='lat' dir='ltr'><strong>qua</strong></span> <span class='ocrx_word' id='word_1_314' title='bbox 1939 3822 2248 3887; x_wconf 81' lang='lat' dir='ltr'><strong>portisculus</strong></span> <span class='ocrx_word' id='word_1_315' title='bbox 2266 3820 2393 3871; x_wconf 82' lang='lat' dir='ltr'><strong>dici-</strong></span> 
     </span>
     <span class='ocr_line' id='line_1_57' title="bbox 1337 3900 2399 3967; baseline -0.006 -14"><span class='ocrx_word' id='word_1_316' title='bbox 1337 3908 1443 3964; x_wconf 87' lang='lat' dir='ltr'><strong>tur,</strong></span> <span class='ocrx_word' id='word_1_317' title='bbox 1463 3917 1565 3967; x_wconf 74' lang='lat' dir='ltr'><strong>qus</strong></span> <span class='ocrx_word' id='word_1_318' title='bbox 1589 3916 1879 3964; x_wconf 77' lang='lat' dir='ltr'><strong>excursum,</strong></span> <span class='ocrx_word' id='word_1_319' title='bbox 1915 3910 1969 3950; x_wconf 90' lang='lat' dir='ltr'><strong>et</strong></span> <span class='ocrx_word' id='word_1_320' title='bbox 2002 3900 2399 3950; x_wconf 73' lang='lat' dir='ltr'><strong>exhortamenta</strong></span> 
     </span>
     <span class='ocr_line' id='line_1_58' title="bbox 1336 3974 2396 4041; baseline -0.006 -12"><span class='ocrx_word' id='word_1_321' title='bbox 1336 3977 1674 4031; x_wconf 59' lang='lat' dir='ltr'><strong>moderatur!</strong></span> <span class='ocrx_word' id='word_1_322' title='bbox 1723 3980 1808 4028; x_wconf 86' lang='lat' dir='ltr'><strong>De</strong></span> <span class='ocrx_word' id='word_1_323' title='bbox 1832 3977 2031 4041; x_wconf 78' lang='lat' dir='ltr'><strong>pertica</strong></span> <span class='ocrx_word' id='word_1_324' title='bbox 2054 3977 2225 4026; x_wconf 80' lang='lat' dir='ltr'><strong>Plaut.</strong></span> <span class='ocrx_word' id='word_1_325' title='bbox 2244 3974 2396 4026; x_wconf 82' lang='lat' dir='ltr'><strong>Asin.</strong></span> 
     </span>
     <span class='ocr_line' id='line_1_59' title="bbox 1335 4050 2393 4117; baseline -0.008 -10"><span class='ocrx_word' id='word_1_326' title='bbox 1335 4064 1437 4108; x_wconf 77' lang='lat' dir='ltr'><strong>act.</strong></span> <span class='ocrx_word' id='word_1_327' title='bbox 1462 4070 1549 4106; x_wconf 85' lang='lat' dir='ltr'><strong>m.</strong></span> <span class='ocrx_word' id='word_1_328' title='bbox 1573 4070 1647 4107; x_wconf 83' lang='lat' dir='ltr'><strong>sc.</strong></span> <span class='ocrx_word' id='word_1_329' title='bbox 1672 4059 1718 4105; x_wconf 86' lang='lat'><strong>1.</strong></span> <span class='ocrx_word' id='word_1_330' title='bbox 1752 4055 1768 4085; x_wconf 78' lang='lat'>⁸</span> <span class='ocrx_word' id='word_1_331' title='bbox 1792 4053 1877 4104; x_wconf 77' lang='lat' dir='ltr'><strong>Ad</strong></span> <span class='ocrx_word' id='word_1_332' title='bbox 1901 4050 2212 4117; x_wconf 77' lang='lat' dir='ltr'><strong>loquendum</strong></span> <span class='ocrx_word' id='word_1_333' title='bbox 2234 4059 2393 4115; x_wconf 80' lang='lat' dir='ltr'><strong>atque</strong></span> 
     </span>
     <span class='ocr_line' id='line_1_60' title="bbox 1333 4130 2392 4193; baseline -0.008 -7"><span class='ocrx_word' id='word_1_334' title='bbox 1333 4136 1399 4186; x_wconf 79' lang='lat' dir='ltr'><strong>ad</strong></span> <span class='ocrx_word' id='word_1_335' title='bbox 1448 4135 1722 4185; x_wconf 77' lang='lat' dir='ltr'><strong>tacendum</strong></span> <span class='ocrx_word' id='word_1_336' title='bbox 1771 4139 1883 4181; x_wconf 86' lang='lat' dir='ltr'><strong>tute</strong></span> <span class='ocrx_word' id='word_1_337' title='bbox 1935 4131 2094 4180; x_wconf 70' lang='lat' dir='ltr'><strong>trabes</strong></span> <span class='ocrx_word' id='word_1_338' title='bbox 2144 4130 2392 4193; x_wconf 87' lang='lat' dir='ltr'><strong>portiscu-</strong></span> 
     </span>
     <span class='ocr_line' id='line_1_61' title="bbox 1329 4205 2393 4263; baseline -0.009 0"><span class='ocrx_word' id='word_1_339' title='bbox 1329 4212 1471 4263; x_wconf 70' lang='lat' dir='ltr'><strong>lum!</strong></span> <span class='ocrx_word' id='word_1_340' title='bbox 1544 4213 1624 4262; x_wconf 87' lang='lat' dir='ltr'><strong>De</strong></span> <span class='ocrx_word' id='word_1_341' title='bbox 1647 4209 1852 4261; x_wconf 84' lang='lat' dir='ltr'><strong>bomine</strong></span> <span class='ocrx_word' id='word_1_342' title='bbox 1888 4209 2048 4258; x_wconf 79' lang='lat' dir='ltr'><strong>verba</strong></span> <span class='ocrx_word' id='word_1_343' title='bbox 2070 4206 2281 4257; x_wconf 83' lang='lat' dir='ltr'><strong>Catonis</strong></span> <span class='ocrx_word' id='word_1_344' title='bbox 2316 4205 2393 4254; x_wconf 90' lang='lat' dir='ltr'><strong>in—</strong></span> 
     </span>
    </p>
   </div>
   <div class='ocr_carea' id='block_1_21' title="bbox 1330 4290 1584 4341">
    <p class='ocr_par' dir='ltr' id='par_1_25' title="bbox 1330 4290 1584 4341">
     <span class='ocr_line' id='line_1_62' title="bbox 1330 4290 1584 4341; baseline -0.004 -1"><span class='ocrx_word' id='word_1_345' title='bbox 1330 4290 1424 4341; x_wconf 79' lang='lat' dir='ltr'><strong>fra.</strong></span> <span class='ocrx_word' id='word_1_346' title='bbox 1459 4290 1584 4340; x_wconf 76' lang='lat' dir='ltr'><strong>Dae.</strong></span> 
     </span>
    </p>
   </div>
  </div>
 </body>
</html>
