3020 4853
511 329 599 398 62

1188 283 1414 395 Smin
1470 343 1612 393 Pon
1629 345 1662 392 Ρ
1679 343 1778 391 ΕΠ
1832 342 2034 393 {mart

511 493 838 563 Alliensis
898 493 1084 558 dies*
1148 492 1496 560 dicebatur
1554 491 1737 576 apud
1801 491 2151 556 Romanos
2211 486 2709 554 obscoenissimi

602 599 881 667 ominis:
934 600 1021 663 ab
1065 596 1252 663 Allia
1292 598 1501 664 fluvio
1547 597 1832 675 scilicet,
1872 595 1990 659 ubi
2036 593 2393 659 Romanus
2437 592 2624 657 fusus
2671 612 2718 656 a

603 701 828 768 Gallis
858 703 1198 767 exercitus
1225 708 1350 767 est.

514 805 766 884 Alma,s
796 813 1054 884 sancta,
1087 807 1228 871 sive
1258 805 1574 893 pulchra3
1632 804 1742 870 vel
1768 803 1977 881 alens,
2009 803 2096 867 ab
2129 800 2371 866 alendo
2402 798 2692 866 scilicet.

514 909 832 975 Almities
851 911 870 945 i
896 909 1166 975 habitus
1199 911 1524 975 almarum
1552 928 1795 974 rerum.

524 1011 790 1078 Altaria
810 1021 838 1049 ¹²
867 1020 1044 1090 sunt,
1075 1013 1423 1098 inquibus
1454 1012 1629 1095 ignis
1673 1011 1997 1077 adoletur.
2085 1008 2349 1074 Altaria
2376 1007 2462 1071 ab
2493 1007 2721 1071 altitu-

616 1114 771 1179 dine
799 1115 986 1181 dicta
1014 1125 1202 1182 sunt:
1248 1115 1445 1200 quod·
1469 1115 1724 1199 antiqui
1756 1114 1913 1179 Diis
1944 1112 2208 1196 superis
2239 1110 2310 1175 in
2334 1108 2647 1174 aedificiis
2677 1129 2724 1174 a

611 1225 787 1284 terra
813 1220 1138 1286 exaltatis
1170 1240 1364 1285 sacra
1392 1219 1774 1285 faciebant:
1824 1218 1978 1283 Diis
2016 1215 2444 1281 terrestribus
2485 1213 2555 1277 in
2594 1221 2723 1279 ter·

607 1340 719 1387 ra:
767 1323 922 1389 Diis
954 1325 1386 1391 infernalibus
1417 1325 1488 1395 in
1516 1322 1770 1389 effossa
1798 1328 1990 1388 terra.

524 1422 861 1492 Alteuus¹
896 1427 1229 1495 Romulus
1277 1430 1643 1505 dicebatur,
1691 1427 1889 1512 quasi
1938 1425 2111 1490 altus
2155 1423 2230 1489 in
2276 1421 2544 1488 tellure:
2611 1422 2723 1487 vel

1524 1614 1736 1666 No'rffi:

590 1708 754 1773 Altus]
810 1712 1029 1763 Veteres
1085 1714 1337 1765 editiones
1391 1715 1587 1765 habent
1670 1712 1794 1762 Deis
1828 1710 2026 1777 superis
2063 1714 2260 1761 tantum
2295 1715 2349 1758 et
2376 1706 2557 1757 inferis
2594 1706 2733 1757 dica·

527 1785 701 1837 Allex:
735 1788 868 1854 qnod
904 1804 1003 1853 ego
1043 1791 1167 1840 item
1210 1792 1381 1855 reperi
1414 1792 1466 1841 in
1491 1789 1590 1841 Isi·
1670 1796 1867 1841 rentur.
1930 1787 2136 1839 Servius
2159 1788 2209 1836 in
2240 1785 2419 1848 Eclog.
2442 1799 2492 1833 v.
2529 1783 2545 1810 ‘
2570 1783 2730 1834 Novi-

529 1864 642 1913 dori
668 1865 885 1917 Glossis.
922 1870 937 1894 ⁸
966 1868 1137 1931 Allex,
1154 1869 1331 1934 pollex
1354 1869 1406 1918 in
1424 1866 1593 1932 pede.’

525 1933 722 1991 Tamen
763 1943 815 1991 in
856 1944 1008 1994 litera
1046 1946 1096 1994 Η
1138 1953 1349 1996 vocatur
1386 1947 1594 1995 fluum.-

531 2024 587 2065 et
610 2017 963 2070 Glossarium:
999 2020 1015 2048 ‘
1042 2021 1250 2085 Helius,
1279 2020 1421 2073 ποδὸς
1445 2019 1598 2084 μέγα,

530 2089 800 2144 δάκτυλος)
829 2097 933 2145 Jos.
960 2097 1090 2147 θεοί.

594 2178 615 2205 “’
646 2173 877 2223 Alliensis
892 2175 1016 2241 dies]
1055 2188 1194 2227 xvu.
1220 2178 1341 2227 Kal.
1365 2177 1595 2227 sextiles.

532 2245 659 2297 Duc.

595 2332 614 2357 ⁸
645 2327 813 2392 Alma]
860 2329 1144 2394 Eleganter
1190 2337 1335 2379 vetus
1375 2329 1497 2379 illud
1544 2337 1599 2380 et

531 2403 742 2469 plenum
761 2407 908 2458 bonae
926 2405 1089 2471 frugis
1102 2407 1448 2459 Glossarium:
1475 2410 1491 2437 ‘
1504 2407 1598 2458 Al-

531 2496 636 2543 ma,
658 2483 830 2546 κλντὴ,
847 2481 989 2549 ἁγνὴ,
1010 2485 1171 2550 ὡραία,
1186 2483 1462 2551 open-erpa?
1490 2487 1597 2536 doe.

536 2555 667 2607 θοαὶ.

599 2633 769 2697 Alma]
806 2634 1035 2686 Homero
1071 2637 1281 2702 ζείδωρος
1313 2638 1501 2701 ἄρουρα,
1528 2639 1599 2685 al·

532 2725 610 2758 ma
633 2716 783 2774 terra,
805 2713 942 2775 quod
966 2714 1196 2764 homines
1222 2716 1434 2763 nutriat.
1469 2712 1600 2770 Inde

538 2784 710 2835 Gloss.
738 2794 751 2815 ‘
778 2787 961 2848 almus,
994 2786 1243 2853 ζείδωρος.’
1282 2790 1406 2840 Duc.

599 2864 616 2896 ⁸
650 2862 900 2926 Almieies]
924 2865 1273 2915 Glossarium:
1308 2870 1323 2894 ‘
1344 2864 1601 2922 Almities‚

538 2939 726 3001 αὔξησις
761 2939 947 3004 ἀρχῆς]
1015 2941 1031 2968 ‘
1052 2941 1299 3004 Almitus,
1340 2941 1600 3006 ἆνατροφὴ,

536 3015 798 3078 bayonna!
838 3021 853 3045 ‘
881 3019 1123 3082 Almites,
1173 3017 1355 3070 κάλλος
1402 3019 1601 3083 ἀνατρο-

537 3091 668 3154 φῆς.’
702 3092 985 3155 Charisius,
1005 3098 1020 3123 ⁴
1042 3094 1304 3161 Almities,
1318 3094 1603 3160 ebs-pirena?

545 3170 654 3219 Jos.
679 3168 807 3220 scal.

605 3244 850 3311 Almities]
883 3247 1272 3312 Interpretatur
1307 3265 1338 3300 a
1370 3251 1604 3301 charisio

538 3320 630 3372 lib.
670 3334 709 3372 ι.
736 3322 997 3387 εὐπρέπεια.
1060 3328 1149 3376 Sic
1172 3329 1429 3392 intelliges
1451 3329 1606 3379 Pauli

540 3393 721 3458 verba,
746 3415 863 3464 quae
899 3401 1016 3451 milii
1052 3403 1298 3455 mendosa
1331 3418 1443 3454 esse
1466 3405 1606 3454 vide-

543 3475 750 3526 bantur.
773 3478 894 3528 Ant.
917 3479 1051 3542 Aug.

609 3554 857 3621 Almilies]
909 3558 1133 3610 Almities
1162 3568 1218 3611 et
1249 3563 1440 3612 almitas
1471 3563 1606 3613 idem

543 3639 625 3680 est
662 3632 799 3697 quod
848 3633 1067 3684 Horatio
1111 3636 1374 3701 Faustitas,
1414 3638 1465 3687 id
1508 3647 1608 3695 est,

545 3714 700 3757 terrae
740 3707 1005 3773 fertilitas,
1036 3713 1307 3763 salubritas
1341 3729 1609 3780 aquarum,

545 3790 601 3834 et
624 3783 771 3836 Jovis
801 3801 959 3836 aurae.
996 3849 999 3852 .
1026 3789 1248 3839 Faustus
1273 3806 1440 3841 rerum
1464 3792 1609 3843 babi-

545 3868 644 3916 tus,
669 3862 843 3912 fausta
867 3878 1037 3915 rernm
1070 3868 1364 3918 existentia.
1432 3870 1608 3922 Quare

544 3938 740 4000 optime
759 3940 993 3993 charisio
1018 3945 1033 3972 ⁸
1057 3946 1298 4009 almities,
1321 3946 1607 4012 εὐπρέπεια]

546 4015 674 4066 Dae.

612 4093 861 4157 *Alter-ia]
885 4093 964 4145 Ab
978 4096 1275 4157 altitudine,
1291 4102 1415 4151 uta‘
1429 4101 1609 4164 lucus:

544 4172 558 4197 ‘
584 4169 766 4227 lucar,'
784 4172 858 4220 sic
883 4173 948 4220 ab
974 4173 1206 4235 ‘altus,’‘
1228 4179 1399 4241 altar5'
1432 4180 1610 4228 altaria

545 4254 720 4296 autem
752 4255 806 4298 et
826 4265 945 4314 aroe,
965 4264 1028 4301 eo
1061 4251 1328 4319 differunt,
1351 4256 1486 4321 quod
1523 4257 1611 4309 illa

1673 1881 1785 1916 mus
1817 1881 1931 1915 aras
1962 1873 2016 1914 et
2046 1863 2164 1914 Diis
2198 1877 2313 1913 esse
2344 1862 2542 1926 superis
2575 1869 2628 1911 et
2657 1860 2731 1909 in·

1676 1943 1802 1994 feris
1844 1948 2209 1994 consecratas:
2246 1938 2428 1988 altaria
2464 1953 2584 1987 vero
2619 1950 2730 1986 esse

1675 2034 1980 2084 superorum
2018 2024 2216 2068 tantum
2243 2017 2497 2076 Deorum,
2530 2029 2644 2079 quae
2668 2013 2732 2063 ab

1677 2096 1957 2146 altitudine
2012 2101 2214 2144 constat
2269 2105 2381 2142 esse
2442 2088 2732 2141 nominata.’

1679 2174 1902 2226 Quidam
1923 2187 2035 2223 aras
2062 2170 2395 2221 terrestribus
2420 2177 2620 2219 tantum
2646 2183 2734 2235 po·

1679 2250 1806 2300 sitas
1838 2250 2090 2313 scribunt,
2114 2248 2291 2298 inferis
2326 2248 2532 2297 scrobes
2557 2249 2636 2297 vel
2659 2246 2734 2296 fo-

1680 2342 1785 2378 cos.
1852 2330 1924 2378 Ut
1948 2329 2030 2377 liic
2048 2329 2249 2377 Festus.
2314 2325 2379 2375 In
2403 2326 2479 2373 liis
2501 2325 2734 2375 Lutatius

1681 2405 1837 2456 Statii
1862 2408 2150 2468 interpres:
2183 2404 2198 2432 ‘
2229 2403 2343 2453 Diis
2381 2401 2581 2465 stiperis
2614 2401 2741 2452 alta·

1681 2484 1774 2545 ria,
1798 2483 2132 2534 terrestribus
2156 2497 2278 2541 arae,
2315 2478 2493 2530 inferis
2519 2480 2737 2531 Scrobes

1684 2562 1764 2611 vel
1799 2559 1904 2611 foci
1929 2557 2204 2610 dicantur.'
2271 2559 2335 2606 Et
2371 2556 2626 2621 Porpliyr.
2648 2557 2737 2612 lib,

1682 2636 1746 2686 de
1774 2637 2129 2700 Nympharum
2151 2641 2318 2691 antro,
2338 2633 2546 2695 Τοῖςμὶν
2564 2635 2737 2696 Ὀλυμ-

1680 2713 1802 2763 πίοις
1837 2716 1955 2763 θεοῖς
1990 2713 2126 2764 ναούς
2145 2731 2202 2761 τε
2231 2711 2308 2762 καὶ
2337 2709 2420 2772 ἕδη
2451 2711 2530 2762 καὶ
2558 2712 2739 2774 &paics

1680 2790 1944 2854 ἱδρύσαντο,
1959 2789 2166 2853 χθονίοις
2187 2790 2237 2840 δὲ
2258 2789 2337 2840 καὶ
2357 2791 2500 2855 ἥρωσι
2517 2791 2743 2856 ἐσχάραι,

1683 2865 1973 2930 ὑποχθονίοις
1991 2867 2187 2932 βόθρους
2205 2867 2281 2917 καὶ
2299 2867 2498 2932 μέγαρα.
2522 2870 2555 2920 ἰ.
2593 2873 2608 2897 ‘
2630 2871 2742 2918 Coe-
2795 2861 2799 2866 ⁴

1682 2945 1897 2994 lestibns
1932 2945 2138 3010 quidem
2163 2945 2276 2995 Diis
2310 2947 2507 3009 templa
2529 2954 2585 2996 et
2614 2946 2742 2996 alta·

1687 3022 1764 3071 ria
1796 3029 2106 3072 statuerunt.
2171 3022 2521 3072 Terrestribus
2549 3031 2604 3072 et
2637 3023 2743 3076 He.-

1685 3098 1860 3148 roibus
1879 3114 2024 3148 aras:
2061 3096 2241 3149 inferis
2257 3099 2465 3149 scrobes
2483 3107 2536 3149 et
2552 3098 2743 3150 fossas?

1687 3175 1772 3225 De
1827 3176 1964 3226 hisce
2019 3176 2212 3225 ultimis
2257 3175 2412 3225 Ovid.
2473 3176 2523 3225 in
2575 3177 2744 3226 Meta·

1685 3252 1883 3316 morpb.
1917 3254 1932 3280 ‘
1957 3251 2111 3302 Haud
2138 3252 2317 3316 procul
2351 3260 2530 3316 egesta
2553 3253 2746 3303 scrobi·

1688 3331 1780 3381 bus
1801 3329 1986 3379 tellure
1999 3329 2199 3380 duabus
2214 3330 2373 3380 Sacra
2389 3329 2555 3381 facit.⁹
2594 3331 2743 3381 Idem.

1750 3414 1776 3441 ¹
1807 3407 2040 3471 Alienus]
2075 3410 2173 3461 Est
2188 3409 2562 3473 ὑποκοριστικὸν,
2574 3410 2745 3470 Altus,

1688 3487 1893 3542 altnlns,
1934 3487 2157 3544 altellus.
2220 3487 2492 3550 Significat
2533 3488 2745 3552 θρεπτὸν,

1685 3561 1934 3626 τρόφιμον,
1958 3564 2231 3615 alumnum.
2277 3563 2360 3614 Ita
2378 3566 2650 3630 vocabant,
2661 3565 2746 3630 qui

1688 3643 1910 3707 expositi
1949 3651 2117 3700 erant.
2156 3651 2212 3693 et
2250 3643 2625 3702 inveniebatur,
2661 3642 2748 3709 qui

1689 3735 1774 3771 eos
1811 3720 2035 3771 tolleret.
2100 3720 2297 3770 Plinius
2335 3721 2399 3770 ad
2433 3722 2745 3785 Trajanum:

1689 3804 1703 3827 ⁸
1729 3799 1943 3862 Magna,
1966 3799 2205 3858 Domine,
2236 3806 2291 3848 et
2326 3798 2389 3850 ad
2429 3806 2591 3850 totam
2630 3813 2745 3865 pro·

1691 3875 1907 3924 vinciam
1933 3875 2196 3938 pertinens
2211 3875 2433 3939 quaestio
2446 3881 2529 3925 est
2545 3876 2612 3925 de
2629 3890 2749 3925 con-

1688 3949 1904 4011 ditione,
1926 3958 1978 3998 et
2004 3951 2258 4000 alimentis
2287 3965 2483 4014 eorum,
2506 3967 2636 4018 quos
2662 3967 2747 4003 vo·

1688 4036 1809 4078 cant
1840 4026 2097 4090 open-roias.¹
2132 4032 2231 4079 dcc.
2300 4030 2605 4093 Expositum
2645 4031 2745 4082 Ro-

1688 4104 1881 4153 mulum
1920 4103 1987 4155 ab
2025 4120 2140 4168 avo,
2160 4106 2435 4157 educatum
2466 4122 2497 4157 a
2528 4109 2745 4158 Faustu-

1688 4180 1758 4241 lo,
1781 4196 1930 4236 nemo
1953 4197 2054 4232 non
2087 4184 2336 4234 meminit.
2402 4185 2488 4235 Ita
2510 4201 2632 4252 ergo
2656 4201 2742 4235 vo-

1693 4266 1876 4311 cantur
1907 4260 2109 4313 incerto
2147 4269 2296 4326 patre
2339 4268 2396 4314 et
2427 4271 2592 4318 matre
2616 4263 2739 4317 nati.
