<?xml version="1.0" encoding="UTF-8"?>
<!DOCTYPE html PUBLIC "-//W3C//DTD XHTML 1.0 Transitional//EN"
    "http://www.w3.org/TR/xhtml1/DTD/xhtml1-transitional.dtd">
<html xmlns="http://www.w3.org/1999/xhtml" xml:lang="en" lang="en">
 <head>
  <title>
</title>
<meta http-equiv="Content-Type" content="text/html;charset=utf-8" />
  <meta name='ocr-system' content='tesseract 3.04.00' />
  <meta name='ocr-capabilities' content='ocr_page ocr_carea ocr_par ocr_line ocrx_word'/>
</head>
<body>
  <div class='ocr_page' id='page_1' title='image "./mverriiflacciqu03flacgoog_0044.png"; bbox 0 0 3020 4853; ppageno 0'>
   <div class='ocr_carea' id='block_1_1' title="bbox 523 373 624 452">
    <p class='ocr_par' dir='ltr' id='par_1_1' title="bbox 523 373 624 452">
     <span class='ocr_line' id='line_1_1' title="bbox 523 373 624 452; baseline 0.03 -16"><span class='ocrx_word' id='word_1_1' title='bbox 523 373 624 452; x_wconf 75' lang='lat'><strong>38,</strong></span> 
     </span>
    </p>
   </div>
   <div class='ocr_carea' id='block_1_2' title="bbox 1134 387 1982 475">
    <p class='ocr_par' dir='ltr' id='par_1_2' title="bbox 1134 387 1982 475">
     <span class='ocr_line' id='line_1_2' title="bbox 1134 387 1982 475; baseline 0.006 -40"><span class='ocrx_word' id='word_1_2' title='bbox 1134 387 1361 437; x_wconf 74' lang='lat' dir='ltr'>SEXT!</span> <span class='ocrx_word' id='word_1_3' title='bbox 1414 390 1721 438; x_wconf 77' lang='lat' dir='ltr'><strong>POMPssu</strong></span> <span class='ocrx_word' id='word_1_4' title='bbox 1774 392 1982 475; x_wconf 59' lang='lat' dir='ltr'><strong>unsri</strong></span> 
     </span>
    </p>
   </div>
   <div class='ocr_carea' id='block_1_3' title="bbox 603 534 2708 835">
    <p class='ocr_par' dir='ltr' id='par_1_3' title="bbox 603 534 2708 835">
     <span class='ocr_line' id='line_1_3' title="bbox 603 534 2708 625; baseline 0.002 -23"><span class='ocrx_word' id='word_1_5' title='bbox 603 534 795 602; x_wconf 87' lang='lat' dir='ltr'><strong>Adeo</strong></span> <span class='ocrx_word' id='word_1_6' title='bbox 822 541 1210 620; x_wconf 83' lang='lat' dir='ltr'><strong>praetorem:</strong></span> <span class='ocrx_word' id='word_1_7' title='bbox 1258 556 1409 600; x_wconf 90' lang='lat' dir='ltr'><strong>cum</strong></span> <span class='ocrx_word' id='word_1_8' title='bbox 1459 544 1674 600; x_wconf 88' lang='lat' dir='ltr'><strong>autem</strong></span> <span class='ocrx_word' id='word_1_9' title='bbox 1730 538 2045 617; x_wconf 88' lang='lat' dir='ltr'><strong>secunda,</strong></span> <span class='ocrx_word' id='word_1_10' title='bbox 2096 540 2164 604; x_wconf 88' lang='lat' dir='ltr'><strong>id</strong></span> <span class='ocrx_word' id='word_1_11' title='bbox 2220 548 2324 607; x_wconf 89' lang='lat' dir='ltr'><strong>est</strong></span> <span class='ocrx_word' id='word_1_12' title='bbox 2373 542 2547 625; x_wconf 89' lang='lat' dir='ltr'><strong>quod</strong></span> <span class='ocrx_word' id='word_1_13' title='bbox 2597 565 2708 607; x_wconf 83' lang='lat' dir='ltr'><strong>us-</strong></span> 
     </span>
     <span class='ocr_line' id='line_1_4' title="bbox 610 641 2703 730; baseline 0.004 -28"><span class='ocrx_word' id='word_1_14' title='bbox 610 660 741 725; x_wconf 88' lang='lat' dir='ltr'><strong>que</strong></span> <span class='ocrx_word' id='word_1_15' title='bbox 772 660 895 720; x_wconf 71' lang='grc' dir='ltr'><strong>θος</strong></span> <span class='ocrx_word' id='word_1_16' title='bbox 940 660 1071 704; x_wconf 90' lang='lat' dir='ltr'><strong>non</strong></span> <span class='ocrx_word' id='word_1_17' title='bbox 1101 641 1366 724; x_wconf 89' lang='lat' dir='ltr'><strong>quidem</strong></span> <span class='ocrx_word' id='word_1_18' title='bbox 1395 641 1755 705; x_wconf 90' lang='lat' dir='ltr'><strong>secundum</strong></span> <span class='ocrx_word' id='word_1_19' title='bbox 1792 644 2110 708; x_wconf 89' lang='lat' dir='ltr'><strong>rationem</strong></span> <span class='ocrx_word' id='word_1_20' title='bbox 2137 653 2187 725; x_wconf 59' lang='grc' dir='ltr'><strong>ς’</strong></span> <span class='ocrx_word' id='word_1_21' title='bbox 2233 646 2392 728; x_wconf 84' lang='lat' dir='ltr'><strong>quia</strong></span> <span class='ocrx_word' id='word_1_22' title='bbox 2414 647 2496 710; x_wconf 91' lang='lat' dir='ltr'><strong>ad</strong></span> <span class='ocrx_word' id='word_1_23' title='bbox 2536 668 2703 730; x_wconf 78' lang='lat' dir='ltr'><strong>prae·</strong></span> 
     </span>
     <span class='ocr_line' id='line_1_5' title="bbox 605 745 2704 835; baseline 0.004 -29"><span class='ocrx_word' id='word_1_24' title='bbox 605 745 864 827; x_wconf 86' lang='lat' dir='ltr'><strong>positio</strong></span> <span class='ocrx_word' id='word_1_25' title='bbox 898 746 1310 809; x_wconf 83' lang='lat' dir='ltr'><strong>accusativis</strong></span> <span class='ocrx_word' id='word_1_26' title='bbox 1354 745 1867 811; x_wconf 84' lang='lat' dir='ltr'><strong>accommodata</strong></span> <span class='ocrx_word' id='word_1_27' title='bbox 1897 754 2041 829; x_wconf 80' lang='lat' dir='ltr'><strong>est3</strong></span> <span class='ocrx_word' id='word_1_28' title='bbox 2090 748 2207 813; x_wconf 87' lang='lat' dir='ltr'><strong>sed</strong></span> <span class='ocrx_word' id='word_1_29' title='bbox 2243 758 2507 815; x_wconf 89' lang='lat' dir='ltr'><strong>vetusta</strong></span> <span class='ocrx_word' id='word_1_30' title='bbox 2538 772 2704 835; x_wconf 85' lang='lat' dir='ltr'><strong>qua-</strong></span> 
     </span>
    </p>
   </div>
   <div class='ocr_carea' id='block_1_4' title="bbox 603 848 1638 932">
    <p class='ocr_par' dir='ltr' id='par_1_4' title="bbox 603 848 1638 932">
     <span class='ocr_line' id='line_1_6' title="bbox 603 848 1638 932; baseline 0 -22"><span class='ocrx_word' id='word_1_31' title='bbox 603 848 756 913; x_wconf 84' lang='lat' dir='ltr'><strong>dam</strong></span> <span class='ocrx_word' id='word_1_32' title='bbox 788 848 1105 932; x_wconf 85' lang='lat' dir='ltr'><strong>loquendi</strong></span> <span class='ocrx_word' id='word_1_33' title='bbox 1138 850 1638 914; x_wconf 84' lang='lat' dir='ltr'><strong>consuetudine.</strong></span> 
     </span>
    </p>
   </div>
   <div class='ocr_carea' id='block_1_5' title="bbox 518 950 1994 1030">
    <p class='ocr_par' dir='ltr' id='par_1_5' title="bbox 518 950 1994 1030">
     <span class='ocr_line' id='line_1_7' title="bbox 518 950 1994 1030; baseline 0.002 -15"><span class='ocrx_word' id='word_1_34' title='bbox 518 950 628 1015; x_wconf 87' lang='lat' dir='ltr'><strong>Ad</strong></span> <span class='ocrx_word' id='word_1_35' title='bbox 663 951 913 1015; x_wconf 83' lang='lat' dir='ltr'><strong>exitam</strong></span> <span class='ocrx_word' id='word_1_36' title='bbox 945 960 1229 1030; x_wconf 75' lang='lat' dir='ltr'><strong>aetatem,</strong></span> <span class='ocrx_word' id='word_1_37' title='bbox 1260 952 1343 1017; x_wconf 92' lang='lat' dir='ltr'><strong>ad</strong></span> <span class='ocrx_word' id='word_1_38' title='bbox 1377 953 1679 1017; x_wconf 83' lang='lat' dir='ltr'>ultimam</span> <span class='ocrx_word' id='word_1_39' title='bbox 1709 960 1994 1020; x_wconf 83' lang='lat' dir='ltr'><strong>aetatem.</strong></span> 
     </span>
    </p>
   </div>
   <div class='ocr_carea' id='block_1_6' title="bbox 524 1052 1434 1133">
    <p class='ocr_par' dir='ltr' id='par_1_6' title="bbox 524 1052 1434 1133">
     <span class='ocr_line' id='line_1_8' title="bbox 524 1052 1434 1133; baseline 0.002 -16"><span class='ocrx_word' id='word_1_40' title='bbox 524 1052 943 1133; x_wconf 76' lang='lat' dir='ltr'><strong>Adfabrum‚²</strong></span> <span class='ocrx_word' id='word_1_41' title='bbox 968 1055 1434 1121; x_wconf 84' lang='lat' dir='ltr'><strong>fabrefactum.</strong></span> 
     </span>
    </p>
   </div>
   <div class='ocr_carea' id='block_1_7' title="bbox 513 1155 2326 1243">
    <p class='ocr_par' dir='ltr' id='par_1_7' title="bbox 513 1155 2326 1243">
     <span class='ocr_line' id='line_1_9' title="bbox 513 1155 2326 1243; baseline 0.004 -24"><span class='ocrx_word' id='word_1_42' title='bbox 513 1155 812 1221; x_wconf 82' lang='lat' dir='ltr'>Adfatim</span> <span class='ocrx_word' id='word_1_43' title='bbox 834 1167 859 1193; x_wconf 80' lang='lat'>⁸</span> <span class='ocrx_word' id='word_1_44' title='bbox 894 1158 1142 1223; x_wconf 88' lang='lat' dir='ltr'><strong>dictum</strong></span> <span class='ocrx_word' id='word_1_45' title='bbox 1175 1180 1217 1224; x_wconf 90' lang='lat' dir='ltr'><strong>a</strong></span> <span class='ocrx_word' id='word_1_46' title='bbox 1248 1160 1450 1243; x_wconf 87' lang='lat' dir='ltr'><strong>copia</strong></span> <span class='ocrx_word' id='word_1_47' title='bbox 1480 1159 1689 1236; x_wconf 87' lang='lat' dir='ltr'><strong>fandi,</strong></span> <span class='ocrx_word' id='word_1_48' title='bbox 1721 1163 1865 1227; x_wconf 86' lang='lat' dir='ltr'><strong>sive</strong></span> <span class='ocrx_word' id='word_1_49' title='bbox 1898 1164 2326 1231; x_wconf 78' lang='lat' dir='ltr'><strong>abundanter.</strong></span> 
     </span>
    </p>
   </div>
   <div class='ocr_carea' id='block_1_8' title="bbox 2418 1167 2700 1231">
    <p class='ocr_par' dir='ltr' id='par_1_8' title="bbox 2418 1167 2700 1231">
     <span class='ocr_line' id='line_1_10' title="bbox 2418 1167 2700 1231; baseline -0.007 0"><span class='ocrx_word' id='word_1_50' title='bbox 2418 1167 2653 1231; x_wconf 83' lang='lat' dir='ltr'><strong>Livius</strong></span> <span class='ocrx_word' id='word_1_51' title='bbox 2684 1190 2700 1229; x_wconf 73' lang='grc' dir='ltr'><strong>ε</strong></span> 
     </span>
    </p>
   </div>
   <div class='ocr_carea' id='block_1_9' title="bbox 593 1257 2696 1354">
    <p class='ocr_par' dir='ltr' id='par_1_9' title="bbox 593 1257 2696 1354">
     <span class='ocr_line' id='line_1_11' title="bbox 593 1257 2696 1354; baseline 0.006 -31"><span class='ocrx_word' id='word_1_52' title='bbox 593 1257 894 1326; x_wconf 85' lang='lat' dir='ltr'><strong>Adfatim</strong></span> <span class='ocrx_word' id='word_1_53' title='bbox 929 1263 1059 1341; x_wconf 90' lang='lat' dir='ltr'><strong>edi,</strong></span> <span class='ocrx_word' id='word_1_54' title='bbox 1110 1265 1268 1341; x_wconf 89' lang='lat' dir='ltr'><strong>bibi,</strong></span> <span class='ocrx_word' id='word_1_55' title='bbox 1301 1264 1453 1328; x_wconf 85' lang='lat' dir='ltr'><strong>lusi.</strong></span> <span class='ocrx_word' id='word_1_56' title='bbox 1541 1264 1893 1331; x_wconf 84' lang='lat' dir='ltr'><strong>Terentius</strong></span> <span class='ocrx_word' id='word_1_57' title='bbox 1925 1267 2200 1333; x_wconf 84' lang='lat' dir='ltr'><strong>adfatim</strong></span> <span class='ocrx_word' id='word_1_58' title='bbox 2233 1269 2409 1335; x_wconf 81' lang='lat' dir='ltr'><strong>dixit</strong></span> <span class='ocrx_word' id='word_1_59' title='bbox 2448 1290 2572 1354; x_wconf 90' lang='lat' dir='ltr'><strong>pro</strong></span> <span class='ocrx_word' id='word_1_60' title='bbox 2612 1292 2696 1337; x_wconf 91' lang='lat' dir='ltr'><strong>eo</strong></span> 
     </span>
    </p>
   </div>
   <div class='ocr_carea' id='block_1_10' title="bbox 595 1365 1560 1448">
    <p class='ocr_par' dir='ltr' id='par_1_10' title="bbox 595 1365 1560 1448">
     <span class='ocr_line' id='line_1_12' title="bbox 595 1365 1560 1448; baseline 0.005 -21"><span class='ocrx_word' id='word_1_61' title='bbox 595 1365 773 1448; x_wconf 91' lang='lat' dir='ltr'><strong>quod</strong></span> <span class='ocrx_word' id='word_1_62' title='bbox 810 1370 932 1447; x_wconf 87' lang='lat' dir='ltr'><strong>est,</strong></span> <span class='ocrx_word' id='word_1_63' title='bbox 966 1367 1049 1433; x_wconf 88' lang='lat' dir='ltr'><strong>ad</strong></span> <span class='ocrx_word' id='word_1_64' title='bbox 1077 1368 1560 1434; x_wconf 86' lang='lat' dir='ltr'><strong>lassitudinem.</strong></span> 
     </span>
    </p>
   </div>
   <div class='ocr_carea' id='block_1_11' title="bbox 1499 1570 1712 1621">
    <p class='ocr_par' dir='ltr' id='par_1_11' title="bbox 1499 1570 1712 1621">
     <span class='ocr_line' id='line_1_13' title="bbox 1499 1570 1712 1621; baseline -0.005 0"><span class='ocrx_word' id='word_1_65' title='bbox 1499 1574 1546 1621; x_wconf 78' lang='lat' dir='ltr'>N</span> <span class='ocrx_word' id='word_1_66' title='bbox 1557 1570 1712 1620; x_wconf 61' lang='lat' dir='ltr'><strong>OTJE</strong></span> 
     </span>
    </p>
   </div>
   <div class='ocr_carea' id='block_1_12' title="bbox 488 1698 1563 2613">
    <p class='ocr_par' dir='ltr' id='par_1_12' title="bbox 503 1698 1563 1931">
     <span class='ocr_line' id='line_1_14' title="bbox 503 1698 1563 1767; baseline 0.006 -20"><span class='ocrx_word' id='word_1_67' title='bbox 503 1698 815 1749; x_wconf 74' lang='lat' dir='ltr'><strong>Glossarium</strong></span> <span class='ocrx_word' id='word_1_68' title='bbox 841 1703 1193 1767; x_wconf 70' lang='lat' dir='ltr'><strong>amplectitur,</strong></span> <span class='ocrx_word' id='word_1_69' title='bbox 1217 1705 1324 1756; x_wconf 79' lang='lat' dir='ltr'><strong>ubi:</strong></span> <span class='ocrx_word' id='word_1_70' title='bbox 1365 1706 1379 1733; x_wconf 89' lang='lat'>‘</span> <span class='ocrx_word' id='word_1_71' title='bbox 1396 1704 1563 1763; x_wconf 82' lang='lat' dir='ltr'><strong>Adeo,</strong></span> 
     </span>
     <span class='ocr_line' id='line_1_15' title="bbox 503 1776 1559 1847; baseline 0.009 -24"><span class='ocrx_word' id='word_1_72' title='bbox 503 1776 827 1835; x_wconf 73' lang='grc' dir='ltr'>ἐπιτόσουτον,</span> <span class='ocrx_word' id='word_1_73' title='bbox 870 1780 945 1843; x_wconf 57' lang='grc' dir='ltr'><strong>ἐπὶ</strong></span> <span class='ocrx_word' id='word_1_74' title='bbox 964 1780 1165 1847; x_wconf 79' lang='grc' dir='ltr'><strong><em>τούτοις,</em></strong></span> <span class='ocrx_word' id='word_1_75' title='bbox 1203 1782 1278 1831; x_wconf 79' lang='grc' dir='ltr'><strong>καὶ</strong></span> <span class='ocrx_word' id='word_1_76' title='bbox 1303 1782 1559 1847; x_wconf 75' lang='grc' dir='ltr'>προσέρχο-</span> 
     </span>
     <span class='ocr_line' id='line_1_16' title="bbox 503 1854 1524 1931; baseline 0.007 -28"><span class='ocrx_word' id='word_1_77' title='bbox 503 1854 623 1914; x_wconf 81' lang='grc' dir='ltr'>μαι.’</span> <span class='ocrx_word' id='word_1_78' title='bbox 660 1856 807 1905; x_wconf 82' lang='lat' dir='ltr'><strong>Idem.</strong></span> <span class='ocrx_word' id='word_1_79' title='bbox 1523 1928 1524 1931; x_wconf 10' lang='grc' dir='ltr'><strong>Ἰ</strong></span> 
     </span>
    </p>

    <p class='ocr_par' dir='ltr' id='par_1_13' title="bbox 488 1936 1560 2613">
     <span class='ocr_line' id='line_1_17' title="bbox 566 1936 1559 2005; baseline 0.01 -24"><span class='ocrx_word' id='word_1_80' title='bbox 566 1942 588 1976; x_wconf 80' lang='grc'><strong><em>1</em></strong></span> <span class='ocrx_word' id='word_1_81' title='bbox 624 1936 737 1983; x_wconf 77' lang='lat' dir='ltr'><strong>Non</strong></span> <span class='ocrx_word' id='word_1_82' title='bbox 779 1937 966 1998; x_wconf 82' lang='lat' dir='ltr'><strong>quidem</strong></span> <span class='ocrx_word' id='word_1_83' title='bbox 1013 1941 1265 1989; x_wconf 75' lang='lat' dir='ltr'><strong>secundum</strong></span> <span class='ocrx_word' id='word_1_84' title='bbox 1307 1940 1559 2005; x_wconf 79' lang='lat' dir='ltr'><strong>rationem]</strong></span> 
     </span>
     <span class='ocr_line' id='line_1_18' title="bbox 497 2013 1560 2068; baseline 0.007 -7"><span class='ocrx_word' id='word_1_85' title='bbox 497 2013 604 2061; x_wconf 85' lang='lat' dir='ltr'><strong>Cur</strong></span> <span class='ocrx_word' id='word_1_86' title='bbox 641 2013 736 2061; x_wconf 87' lang='lat' dir='ltr'><strong>hoc</strong></span> <span class='ocrx_word' id='word_1_87' title='bbox 779 2014 962 2064; x_wconf 81' lang='lat' dir='ltr'><strong>Festus</strong></span> <span class='ocrx_word' id='word_1_88' title='bbox 1000 2016 1108 2066; x_wconf 84' lang='lat' dir='ltr'><strong>sive</strong></span> <span class='ocrx_word' id='word_1_89' title='bbox 1150 2018 1343 2066; x_wconf 84' lang='lat' dir='ltr'><strong>Paulus</strong></span> <span class='ocrx_word' id='word_1_90' title='bbox 1377 2034 1560 2068; x_wconf 86' lang='lat' dir='ltr'><strong>secun-</strong></span> 
     </span>
     <span class='ocr_line' id='line_1_19' title="bbox 497 2086 1556 2160; baseline 0.009 -25"><span class='ocrx_word' id='word_1_91' title='bbox 497 2086 616 2136; x_wconf 89' lang='lat' dir='ltr'><strong>dum</strong></span> <span class='ocrx_word' id='word_1_92' title='bbox 655 2088 905 2140; x_wconf 87' lang='lat' dir='ltr'><strong>rationem</strong></span> <span class='ocrx_word' id='word_1_93' title='bbox 947 2103 1103 2156; x_wconf 81' lang='lat' dir='ltr'><strong>neget</strong></span> <span class='ocrx_word' id='word_1_94' title='bbox 1135 2094 1246 2144; x_wconf 78' lang='lat' dir='ltr'><strong>fieri</strong></span> <span class='ocrx_word' id='word_1_95' title='bbox 1282 2110 1378 2145; x_wconf 90' lang='lat' dir='ltr'><strong>non</strong></span> <span class='ocrx_word' id='word_1_96' title='bbox 1413 2098 1556 2160; x_wconf 85' lang='lat' dir='ltr'><strong>equi·</strong></span> 
     </span>
     <span class='ocr_line' id='line_1_20' title="bbox 494 2167 1557 2237; baseline 0.008 -22"><span class='ocrx_word' id='word_1_97' title='bbox 494 2167 610 2216; x_wconf 90' lang='lat' dir='ltr'><strong>dem</strong></span> <span class='ocrx_word' id='word_1_98' title='bbox 652 2169 819 2220; x_wconf 79' lang='lat' dir='ltr'><strong>video.</strong></span> <span class='ocrx_word' id='word_1_99' title='bbox 885 2170 947 2220; x_wconf 86' lang='lat' dir='ltr'><strong>Si·</strong></span> <span class='ocrx_word' id='word_1_100' title='bbox 978 2173 1112 2222; x_wconf 89' lang='lat' dir='ltr'><strong>enim</strong></span> <span class='ocrx_word' id='word_1_101' title='bbox 1158 2175 1455 2237; x_wconf 75' lang='lat' dir='ltr'><strong>praepositio</strong></span> <span class='ocrx_word' id='word_1_102' title='bbox 1493 2178 1557 2224; x_wconf 79' lang='lat' dir='ltr'><strong>ad</strong></span> 
     </span>
     <span class='ocr_line' id='line_1_21' title="bbox 493 2246 1556 2313; baseline 0.008 -21"><span class='ocrx_word' id='word_1_103' title='bbox 493 2246 801 2296; x_wconf 72' lang='lat' dir='ltr'><strong>accusativis</strong></span> <span class='ocrx_word' id='word_1_104' title='bbox 818 2250 1253 2313; x_wconf 75' lang='lat' dir='ltr'><strong>accommodatur,</strong></span> <span class='ocrx_word' id='word_1_105' title='bbox 1270 2265 1556 2301; x_wconf 85' lang='lat' dir='ltr'><strong>accommo-</strong></span> 
     </span>
     <span class='ocr_line' id='line_1_22' title="bbox 492 2319 1556 2390; baseline 0.01 -22"><span class='ocrx_word' id='word_1_106' title='bbox 492 2319 644 2370; x_wconf 86' lang='lat' dir='ltr'><strong>datur</strong></span> <span class='ocrx_word' id='word_1_107' title='bbox 683 2323 838 2371; x_wconf 87' lang='lat' dir='ltr'><strong>etiam</strong></span> <span class='ocrx_word' id='word_1_108' title='bbox 874 2333 927 2374; x_wconf 83' lang='lat' dir='ltr'><strong>et</strong></span> <span class='ocrx_word' id='word_1_109' title='bbox 962 2326 1221 2376; x_wconf 80' lang='lat' dir='ltr'><strong>adverbiis</strong></span> <span class='ocrx_word' id='word_1_110' title='bbox 1267 2336 1457 2390; x_wconf 78' lang='lat' dir='ltr'><strong>motus,</strong></span> <span class='ocrx_word' id='word_1_111' title='bbox 1497 2337 1556 2380; x_wconf 91' lang='lat' dir='ltr'><strong>ut</strong></span> 
     </span>
     <span class='ocr_line' id='line_1_23' title="bbox 491 2398 1551 2465; baseline 0.01 -19"><span class='ocrx_word' id='word_1_112' title='bbox 491 2401 507 2425; x_wconf 81' lang='lat'>⁸</span> <span class='ocrx_word' id='word_1_113' title='bbox 532 2398 631 2460; x_wconf 86' lang='lat' dir='ltr'><strong>eo,’</strong></span> <span class='ocrx_word' id='word_1_114' title='bbox 654 2402 670 2430; x_wconf 79' lang='lat'><strong><em>⁴</em></strong></span> <span class='ocrx_word' id='word_1_115' title='bbox 692 2400 826 2465; x_wconf 87' lang='lat' dir='ltr'><strong>quo,&#39;</strong></span> <span class='ocrx_word' id='word_1_116' title='bbox 848 2411 864 2435; x_wconf 75' lang='lat'>⁸</span> <span class='ocrx_word' id='word_1_117' title='bbox 883 2403 980 2453; x_wconf 82' lang='lat' dir='ltr'><strong>buc</strong></span> <span class='ocrx_word' id='word_1_118' title='bbox 1001 2404 1031 2449; x_wconf 93' lang='lat'><strong>:’</strong></span> <span class='ocrx_word' id='word_1_119' title='bbox 1067 2403 1259 2455; x_wconf 89' lang='lat' dir='ltr'><strong>dicitur</strong></span> <span class='ocrx_word' id='word_1_120' title='bbox 1274 2408 1410 2456; x_wconf 89' lang='lat' dir='ltr'><strong>enirn</strong></span> <span class='ocrx_word' id='word_1_121' title='bbox 1428 2409 1443 2436; x_wconf 88' lang='lat'>‘</span> <span class='ocrx_word' id='word_1_122' title='bbox 1464 2407 1551 2456; x_wconf 84' lang='lat' dir='ltr'><strong>ad-</strong></span> 
     </span>
     <span class='ocr_line' id='line_1_24' title="bbox 489 2476 1548 2549; baseline 0.01 -25"><span class='ocrx_word' id='word_1_123' title='bbox 489 2476 588 2524; x_wconf 84' lang='lat' dir='ltr'><strong>huc</strong></span> <span class='ocrx_word' id='word_1_124' title='bbox 608 2476 619 2496; x_wconf 94' lang='lat'>&#39;</span> <span class='ocrx_word' id='word_1_125' title='bbox 653 2492 746 2541; x_wconf 86' lang='lat' dir='ltr'><strong>pro</strong></span> <span class='ocrx_word' id='word_1_126' title='bbox 793 2484 808 2508; x_wconf 90' lang='lat'>‘</span> <span class='ocrx_word' id='word_1_127' title='bbox 829 2481 992 2531; x_wconf 86' lang='lat' dir='ltr'><strong>adlmc</strong></span> <span class='ocrx_word' id='word_1_128' title='bbox 1016 2482 1029 2503; x_wconf 88' lang='lat'>’</span> <span class='ocrx_word' id='word_1_129' title='bbox 1059 2484 1268 2534; x_wconf 81' lang='lat' dir='ltr'><strong>Terent.</strong></span> <span class='ocrx_word' id='word_1_130' title='bbox 1321 2483 1548 2549; x_wconf 79' lang='lat' dir='ltr'><strong>Adelph.</strong></span> 
     </span>
     <span class='ocr_line' id='line_1_25' title="bbox 488 2554 1551 2613; baseline 0.014 -14"><span class='ocrx_word' id='word_1_131' title='bbox 488 2564 564 2600; x_wconf 77' lang='lat' dir='ltr'><strong>iv.</strong></span> <span class='ocrx_word' id='word_1_132' title='bbox 589 2559 634 2603; x_wconf 79' lang='grc'><strong>4.</strong></span> <span class='ocrx_word' id='word_1_133' title='bbox 674 2554 689 2581; x_wconf 90' lang='lat'>‘</span> <span class='ocrx_word' id='word_1_134' title='bbox 713 2557 807 2606; x_wconf 83' lang='lat' dir='ltr'><strong>Sat</strong></span> <span class='ocrx_word' id='word_1_135' title='bbox 850 2559 1014 2608; x_wconf 78' lang='lat' dir='ltr'><strong>adbuc</strong></span> <span class='ocrx_word' id='word_1_136' title='bbox 1055 2569 1146 2610; x_wconf 86' lang='lat' dir='ltr'><strong>tua</strong></span> <span class='ocrx_word' id='word_1_137' title='bbox 1182 2577 1273 2611; x_wconf 87' lang='lat' dir='ltr'><strong>nos</strong></span> <span class='ocrx_word' id='word_1_138' title='bbox 1304 2562 1551 2613; x_wconf 84' lang='lat' dir='ltr'><strong>frustrata</strong></span> 
     </span>
    </p>
   </div>
   <div class='ocr_carea' id='block_1_13' title="bbox 488 2630 1561 2702">
    <p class='ocr_par' dir='ltr' id='par_1_14' title="bbox 488 2630 1561 2702">
     <span class='ocr_line' id='line_1_26' title="bbox 488 2630 1561 2702; baseline 0.011 -26"><span class='ocrx_word' id='word_1_139' title='bbox 488 2638 570 2677; x_wconf 89' lang='lat' dir='ltr'><strong>est</strong></span> <span class='ocrx_word' id='word_1_140' title='bbox 609 2630 773 2680; x_wconf 71' lang='lat' dir='ltr'><strong>tides.⁹</strong></span> <span class='ocrx_word' id='word_1_141' title='bbox 840 2635 907 2683; x_wconf 88' lang='lat' dir='ltr'><strong>Et</strong></span> <span class='ocrx_word' id='word_1_142' title='bbox 941 2636 1042 2685; x_wconf 86' lang='lat' dir='ltr'><strong>‘ad</strong></span> <span class='ocrx_word' id='word_1_143' title='bbox 1085 2639 1223 2702; x_wconf 87' lang='lat' dir='ltr'><strong>quo.&#39;</strong></span> <span class='ocrx_word' id='word_1_144' title='bbox 1287 2639 1561 2697; x_wconf 82' lang='lat' dir='ltr'><strong>Afranius..</strong></span> 
     </span>
    </p>
   </div>
   <div class='ocr_carea' id='block_1_14' title="bbox 479 2706 1552 3557">
    <p class='ocr_par' dir='ltr' id='par_1_15' title="bbox 482 2706 1552 3378">
     <span class='ocr_line' id='line_1_27' title="bbox 483 2706 1552 2782; baseline 0.015 -29"><span class='ocrx_word' id='word_1_145' title='bbox 483 2706 499 2731; x_wconf 91' lang='lat'>‘</span> <span class='ocrx_word' id='word_1_146' title='bbox 526 2713 585 2754; x_wconf 86' lang='lat' dir='ltr'><strong>ut</strong></span> <span class='ocrx_word' id='word_1_147' title='bbox 615 2707 748 2757; x_wconf 87' lang='lat' dir='ltr'><strong>scire</strong></span> <span class='ocrx_word' id='word_1_148' title='bbox 784 2712 946 2772; x_wconf 87' lang='lat' dir='ltr'><strong>possis</strong></span> <span class='ocrx_word' id='word_1_149' title='bbox 981 2713 1045 2761; x_wconf 90' lang='lat' dir='ltr'><strong>ad</strong></span> <span class='ocrx_word' id='word_1_150' title='bbox 1077 2729 1177 2778; x_wconf 84' lang='lat' dir='ltr'><strong>quo</strong></span> <span class='ocrx_word' id='word_1_151' title='bbox 1219 2723 1273 2766; x_wconf 89' lang='lat' dir='ltr'><strong>te</strong></span> <span class='ocrx_word' id='word_1_152' title='bbox 1304 2719 1552 2782; x_wconf 79' lang='lat' dir='ltr'><strong>expediat</strong></span> 
     </span>
     <span class='ocr_line' id='line_1_28' title="bbox 488 2782 1552 2853; baseline 0.015 -24"><span class='ocrx_word' id='word_1_153' title='bbox 488 2782 667 2847; x_wconf 68' lang='lat' dir='ltr'><strong>ioqui!</strong></span> <span class='ocrx_word' id='word_1_154' title='bbox 749 2785 851 2836; x_wconf 88' lang='lat' dir='ltr'><strong>Ubi</strong></span> <span class='ocrx_word' id='word_1_155' title='bbox 888 2789 949 2837; x_wconf 79' lang='lat' dir='ltr'><strong>ad</strong></span> <span class='ocrx_word' id='word_1_156' title='bbox 988 2804 1078 2853; x_wconf 76' lang='lat' dir='ltr'><strong>quo</strong></span> <span class='ocrx_word' id='word_1_157' title='bbox 1120 2791 1245 2840; x_wconf 82' lang='lat' dir='ltr'><strong>nihil</strong></span> <span class='ocrx_word' id='word_1_158' title='bbox 1284 2793 1423 2842; x_wconf 89' lang='lat' dir='ltr'><strong>aliud</strong></span> <span class='ocrx_word' id='word_1_159' title='bbox 1466 2803 1552 2845; x_wconf 86' lang='lat' dir='ltr'><strong>est.</strong></span> 
     </span>
     <span class='ocr_line' id='line_1_29' title="bbox 486 2863 1547 2929; baseline 0.012 -22"><span class='ocrx_word' id='word_1_160' title='bbox 486 2874 637 2923; x_wconf 84' lang='lat' dir='ltr'><strong>quam</strong></span> <span class='ocrx_word' id='word_1_161' title='bbox 659 2863 722 2911; x_wconf 81' lang='lat' dir='ltr'><strong>ad</strong></span> <span class='ocrx_word' id='word_1_162' title='bbox 742 2865 881 2926; x_wconf 73' lang='lat' dir='ltr'><strong>quod,</strong></span> <span class='ocrx_word' id='word_1_163' title='bbox 906 2872 964 2913; x_wconf 90' lang='lat' dir='ltr'><strong>ut</strong></span> <span class='ocrx_word' id='word_1_164' title='bbox 988 2879 1084 2915; x_wconf 84' lang='lat' dir='ltr'><strong>nec</strong></span> <span class='ocrx_word' id='word_1_165' title='bbox 1106 2870 1239 2929; x_wconf 79' lang='lat' dir='ltr'><strong>adeo,</strong></span> <span class='ocrx_word' id='word_1_166' title='bbox 1262 2869 1383 2918; x_wconf 79' lang='lat' dir='ltr'><strong>nihii</strong></span> <span class='ocrx_word' id='word_1_167' title='bbox 1408 2871 1547 2921; x_wconf 88' lang='lat' dir='ltr'><strong>aliud</strong></span> 
     </span>
     <span class='ocr_line' id='line_1_30' title="bbox 485 2941 1547 3012; baseline 0.013 -27"><span class='ocrx_word' id='word_1_168' title='bbox 485 2953 635 3002; x_wconf 86' lang='lat' dir='ltr'><strong>quam</strong></span> <span class='ocrx_word' id='word_1_169' title='bbox 659 2943 721 2990; x_wconf 80' lang='lat' dir='ltr'><strong>ad</strong></span> <span class='ocrx_word' id='word_1_170' title='bbox 740 2941 809 2992; x_wconf 75' lang='lat' dir='ltr'><strong>iet.</strong></span> <span class='ocrx_word' id='word_1_171' title='bbox 880 2944 1065 3009; x_wconf 81' lang='lat' dir='ltr'><strong>Neque</strong></span> <span class='ocrx_word' id='word_1_172' title='bbox 1083 2946 1216 2995; x_wconf 83' lang='lat' dir='ltr'><strong>enim</strong></span> <span class='ocrx_word' id='word_1_173' title='bbox 1237 2962 1307 3011; x_wconf 86' lang='lat' dir='ltr'><strong>eo,</strong></span> <span class='ocrx_word' id='word_1_174' title='bbox 1325 2965 1429 3012; x_wconf 78' lang='lat' dir='ltr'><strong>quo.</strong></span> <span class='ocrx_word' id='word_1_175' title='bbox 1448 2951 1547 3012; x_wconf 79' lang='lat' dir='ltr'><strong>illo,</strong></span> 
     </span>
     <span class='ocr_line' id='line_1_31' title="bbox 485 3019 1549 3090; baseline 0.015 -29"><span class='ocrx_word' id='word_1_176' title='bbox 485 3022 603 3063; x_wconf 87' lang='lat' dir='ltr'><strong>sunt</strong></span> <span class='ocrx_word' id='word_1_177' title='bbox 626 3019 903 3067; x_wconf 77' lang='lat' dir='ltr'><strong>accusativi</strong></span> <span class='ocrx_word' id='word_1_178' title='bbox 940 3022 1183 3085; x_wconf 66' lang='lat' dir='ltr'><strong>plurales,</strong></span> <span class='ocrx_word' id='word_1_179' title='bbox 1207 3031 1263 3072; x_wconf 81' lang='lat' dir='ltr'><strong>ut</strong></span> <span class='ocrx_word' id='word_1_180' title='bbox 1297 3026 1431 3076; x_wconf 87' lang='lat' dir='ltr'><strong>male</strong></span> <span class='ocrx_word' id='word_1_181' title='bbox 1456 3043 1549 3090; x_wconf 87' lang='lat' dir='ltr'><strong>pu·</strong></span> 
     </span>
     <span class='ocr_line' id='line_1_32' title="bbox 484 3092 1545 3157; baseline 0.018 -19"><span class='ocrx_word' id='word_1_182' title='bbox 484 3092 614 3141; x_wconf 83' lang='lat' dir='ltr'><strong>tavit</strong></span> <span class='ocrx_word' id='word_1_183' title='bbox 639 3093 960 3145; x_wconf 86' lang='lat' dir='ltr'><strong>doctissimus</strong></span> <span class='ocrx_word' id='word_1_184' title='bbox 992 3098 1229 3149; x_wconf 87' lang='lat' dir='ltr'><strong>Sanctius</strong></span> <span class='ocrx_word' id='word_1_185' title='bbox 1253 3101 1304 3151; x_wconf 89' lang='lat' dir='ltr'><strong>in</strong></span> <span class='ocrx_word' id='word_1_186' title='bbox 1329 3119 1421 3154; x_wconf 84' lang='lat' dir='ltr'><strong>sna</strong></span> <span class='ocrx_word' id='word_1_187' title='bbox 1444 3104 1545 3157; x_wconf 84' lang='lat' dir='ltr'><strong>Mi-</strong></span> 
     </span>
     <span class='ocr_line' id='line_1_33' title="bbox 482 3173 1537 3242; baseline 0.015 -27"><span class='ocrx_word' id='word_1_188' title='bbox 482 3182 660 3230; x_wconf 84' lang='lat' dir='ltr'><strong>nerva,</strong></span> <span class='ocrx_word' id='word_1_189' title='bbox 676 3173 821 3234; x_wconf 85' lang='lat' dir='ltr'><strong>quasi</strong></span> <span class='ocrx_word' id='word_1_190' title='bbox 836 3173 905 3220; x_wconf 82' lang='lat' dir='ltr'><strong>sit</strong></span> <span class='ocrx_word' id='word_1_191' title='bbox 922 3173 973 3221; x_wconf 88' lang='lat' dir='ltr'><strong>iu</strong></span> <span class='ocrx_word' id='word_1_192' title='bbox 989 3178 1420 3242; x_wconf 80' lang='lat' dir='ltr'><strong>accusativo,eos,</strong></span> <span class='ocrx_word' id='word_1_193' title='bbox 1432 3196 1537 3240; x_wconf 83' lang='lat' dir='ltr'><strong>eas,</strong></span> 
     </span>
     <span class='ocr_line' id='line_1_34' title="bbox 482 3247 1541 3326; baseline 0.018 -34"><span class='ocrx_word' id='word_1_194' title='bbox 482 3258 562 3304; x_wconf 82' lang='lat' dir='ltr'><strong>ea,</strong></span> <span class='ocrx_word' id='word_1_195' title='bbox 594 3247 672 3295; x_wconf 81' lang='lat' dir='ltr'><strong>vel</strong></span> <span class='ocrx_word' id='word_1_196' title='bbox 711 3261 810 3308; x_wconf 86' lang='lat' dir='ltr'><strong>eo;</strong></span> <span class='ocrx_word' id='word_1_197' title='bbox 845 3249 977 3308; x_wconf 85' lang='lat' dir='ltr'><strong>illos,</strong></span> <span class='ocrx_word' id='word_1_198' title='bbox 1013 3252 1147 3315; x_wconf 77' lang='lat' dir='ltr'><strong>illas,</strong></span> <span class='ocrx_word' id='word_1_199' title='bbox 1181 3254 1287 3318; x_wconf 89' lang='lat' dir='ltr'><strong>illa,</strong></span> <span class='ocrx_word' id='word_1_200' title='bbox 1322 3260 1400 3308; x_wconf 83' lang='lat' dir='ltr'><strong>vel</strong></span> <span class='ocrx_word' id='word_1_201' title='bbox 1433 3260 1541 3326; x_wconf 84' lang='lat' dir='ltr'><strong>illo,</strong></span> 
     </span>
     <span class='ocr_line' id='line_1_35' title="bbox 484 3320 1109 3378; baseline 0.018 -11"><span class='ocrx_word' id='word_1_202' title='bbox 484 3326 541 3370; x_wconf 88' lang='lat' dir='ltr'><strong>ut</strong></span> <span class='ocrx_word' id='word_1_203' title='bbox 564 3320 665 3371; x_wconf 88' lang='lat' dir='ltr'><strong>duo</strong></span> <span class='ocrx_word' id='word_1_204' title='bbox 690 3331 743 3372; x_wconf 84' lang='lat' dir='ltr'><strong>et</strong></span> <span class='ocrx_word' id='word_1_205' title='bbox 769 3325 939 3376; x_wconf 80' lang='lat' dir='ltr'><strong>ambo.</strong></span> <span class='ocrx_word' id='word_1_206' title='bbox 958 3324 1109 3378; x_wconf 75' lang='lat' dir='ltr'><strong>Idem.</strong></span> 
     </span>
    </p>

    <p class='ocr_par' dir='ltr' id='par_1_16' title="bbox 479 3400 1542 3557">
     <span class='ocr_line' id='line_1_36' title="bbox 543 3400 1539 3474; baseline 0.018 -28"><span class='ocrx_word' id='word_1_207' title='bbox 543 3405 563 3430; x_wconf 81' lang='lat'><em>²</em></span> <span class='ocrx_word' id='word_1_208' title='bbox 596 3400 882 3464; x_wconf 66' lang='lat' dir='ltr'><strong>Adfabrum]</strong></span> <span class='ocrx_word' id='word_1_209' title='bbox 923 3403 1053 3454; x_wconf 90' lang='lat' dir='ltr'><strong>Cum</strong></span> <span class='ocrx_word' id='word_1_210' title='bbox 1092 3407 1281 3472; x_wconf 88' lang='lat' dir='ltr'><strong>aliquid</strong></span> <span class='ocrx_word' id='word_1_211' title='bbox 1324 3413 1539 3474; x_wconf 83' lang='lat' dir='ltr'><strong>pulchre</strong></span> 
     </span>
     <span class='ocr_line' id='line_1_37' title="bbox 479 3473 1542 3557; baseline 0.02 -35"><span class='ocrx_word' id='word_1_212' title='bbox 479 3473 673 3525; x_wconf 73' lang='lat' dir='ltr'><strong>factum</strong></span> <span class='ocrx_word' id='word_1_213' title='bbox 698 3478 1038 3543; x_wconf 81' lang='lat' dir='ltr'><strong>significatur,</strong></span> <span class='ocrx_word' id='word_1_214' title='bbox 1060 3483 1296 3548; x_wconf 77' lang='lat' dir='ltr'><strong>affabrum</strong></span> <span class='ocrx_word' id='word_1_215' title='bbox 1328 3488 1542 3557; x_wconf 86' lang='lat' dir='ltr'><strong>dicitur,</strong></span> 
     </span>
    </p>
   </div>
   <div class='ocr_carea' id='block_1_15' title="bbox 477 3553 1540 3697">
    <p class='ocr_par' dir='ltr' id='par_1_17' title="bbox 477 3553 1540 3697">
     <span class='ocr_line' id='line_1_38' title="bbox 478 3553 1540 3631; baseline 0.021 -31"><span class='ocrx_word' id='word_1_216' title='bbox 478 3553 615 3603; x_wconf 88' lang='lat' dir='ltr'><strong>unde</strong></span> <span class='ocrx_word' id='word_1_217' title='bbox 637 3555 840 3619; x_wconf 78' lang='lat' dir='ltr'><strong>affabre,</strong></span> <span class='ocrx_word' id='word_1_218' title='bbox 866 3560 1099 3623; x_wconf 76' lang='lat' dir='ltr'><strong>pulchre,</strong></span> <span class='ocrx_word' id='word_1_219' title='bbox 1117 3566 1253 3627; x_wconf 84' lang='lat' dir='ltr'><strong>qnod</strong></span> <span class='ocrx_word' id='word_1_220' title='bbox 1279 3568 1431 3618; x_wconf 76' lang='lat' dir='ltr'><strong>etiam</strong></span> <span class='ocrx_word' id='word_1_221' title='bbox 1451 3571 1540 3631; x_wconf 79' lang='lat' dir='ltr'><strong>fa·</strong></span> 
     </span>
     <span class='ocr_line' id='line_1_39' title="bbox 477 3628 1539 3697; baseline 0.021 -21"><span class='ocrx_word' id='word_1_222' title='bbox 477 3628 557 3679; x_wconf 81' lang='lat' dir='ltr'><strong>bre</strong></span> <span class='ocrx_word' id='word_1_223' title='bbox 572 3629 793 3682; x_wconf 84' lang='lat' dir='ltr'><strong>dicitur:</strong></span> <span class='ocrx_word' id='word_1_224' title='bbox 821 3634 993 3685; x_wconf 86' lang='lat' dir='ltr'><strong>Plant.</strong></span> <span class='ocrx_word' id='word_1_225' title='bbox 1016 3638 1223 3689; x_wconf 82' lang='lat' dir='ltr'><strong>alicubi.</strong></span> <span class='ocrx_word' id='word_1_226' title='bbox 1247 3642 1442 3696; x_wconf 88' lang='lat' dir='ltr'><strong>Contra</strong></span> <span class='ocrx_word' id='word_1_227' title='bbox 1464 3649 1539 3697; x_wconf 79' lang='lat' dir='ltr'><strong>in·</strong></span> 
     </span>
    </p>
   </div>
   <div class='ocr_carea' id='block_1_16' title="bbox 468 3705 1537 4252">
    <p class='ocr_par' dir='ltr' id='par_1_18' title="bbox 468 3705 1537 3990">
     <span class='ocr_line' id='line_1_40' title="bbox 468 3705 1537 3782; baseline 0.02 -28"><span class='ocrx_word' id='word_1_228' title='bbox 468 3705 628 3770; x_wconf 80' lang='lat' dir='ltr'><strong>fabre,</strong></span> <span class='ocrx_word' id='word_1_229' title='bbox 647 3707 803 3760; x_wconf 75' lang='lat' dir='ltr'><strong>foede.</strong></span> <span class='ocrx_word' id='word_1_230' title='bbox 840 3711 1097 3763; x_wconf 77' lang='lat' dir='ltr'><strong>Pacuvius</strong></span> <span class='ocrx_word' id='word_1_231' title='bbox 1119 3716 1168 3764; x_wconf 87' lang='lat' dir='ltr'><strong>iu</strong></span> <span class='ocrx_word' id='word_1_232' title='bbox 1190 3718 1334 3782; x_wconf 89' lang='lat' dir='ltr'><strong>Nipt.</strong></span> <span class='ocrx_word' id='word_1_233' title='bbox 1369 3723 1383 3749; x_wconf 88' lang='lat'>‘</span> <span class='ocrx_word' id='word_1_234' title='bbox 1409 3724 1537 3774; x_wconf 87' lang='lat' dir='ltr'><strong>Bar·</strong></span> 
     </span>
     <span class='ocr_line' id='line_1_41' title="bbox 478 3783 1536 3852; baseline 0.02 -21"><span class='ocrx_word' id='word_1_235' title='bbox 478 3783 701 3835; x_wconf 79' lang='lat' dir='ltr'><strong>bai-icam</strong></span> <span class='ocrx_word' id='word_1_236' title='bbox 745 3797 945 3852; x_wconf 85' lang='lat' dir='ltr'><strong>pestem</strong></span> <span class='ocrx_word' id='word_1_237' title='bbox 982 3792 1192 3842; x_wconf 81' lang='lat' dir='ltr'><strong>navibus</strong></span> <span class='ocrx_word' id='word_1_238' title='bbox 1225 3800 1409 3848; x_wconf 82' lang='lat' dir='ltr'><strong>nostris</strong></span> <span class='ocrx_word' id='word_1_239' title='bbox 1446 3803 1536 3852; x_wconf 88' lang='lat' dir='ltr'><strong>ob·</strong></span> 
     </span>
     <span class='ocr_line' id='line_1_42' title="bbox 475 3862 1535 3932; baseline 0.025 -26"><span class='ocrx_word' id='word_1_240' title='bbox 475 3862 594 3909; x_wconf 89' lang='lat' dir='ltr'><strong>tulit</strong></span> <span class='ocrx_word' id='word_1_241' title='bbox 620 3865 762 3911; x_wconf 80' lang='lat' dir='ltr'><strong>Nova</strong></span> <span class='ocrx_word' id='word_1_242' title='bbox 788 3864 950 3927; x_wconf 81' lang='lat' dir='ltr'><strong>figura</strong></span> <span class='ocrx_word' id='word_1_243' title='bbox 985 3867 1189 3926; x_wconf 76' lang='lat' dir='ltr'><strong>factam.</strong></span> <span class='ocrx_word' id='word_1_244' title='bbox 1213 3878 1535 3932; x_wconf 76' lang='lat' dir='ltr'><strong>commissam</strong></span> 
     </span>
     <span class='ocr_line' id='line_1_43' title="bbox 474 3936 885 3990; baseline 0.017 -7"><span class='ocrx_word' id='word_1_245' title='bbox 474 3936 711 3986; x_wconf 66' lang='lat' dir='ltr'><strong>infabre!</strong></span> <span class='ocrx_word' id='word_1_246' title='bbox 737 3939 885 3990; x_wconf 80' lang='lat' dir='ltr'><strong>Idem.</strong></span> 
     </span>
    </p>

    <p class='ocr_par' dir='ltr' id='par_1_19' title="bbox 472 4014 1536 4252">
     <span class='ocr_line' id='line_1_44' title="bbox 532 4014 1536 4087; baseline 0.024 -26"><span class='ocrx_word' id='word_1_247' title='bbox 532 4014 776 4081; x_wconf 75' lang='lat' dir='ltr'><strong>Adfatim]</strong></span> <span class='ocrx_word' id='word_1_248' title='bbox 814 4018 1173 4087; x_wconf 85' lang='lat' dir='ltr'><strong>Abundanter,</strong></span> <span class='ocrx_word' id='word_1_249' title='bbox 1215 4029 1278 4078; x_wconf 88' lang='lat' dir='ltr'><strong>ad</strong></span> <span class='ocrx_word' id='word_1_250' title='bbox 1320 4033 1536 4084; x_wconf 84' lang='lat' dir='ltr'><strong>satieta-</strong></span> 
     </span>
     <span class='ocr_line' id='line_1_45' title="bbox 472 4092 1534 4176; baseline 0.024 -41"><span class='ocrx_word' id='word_1_251' title='bbox 472 4094 596 4152; x_wconf 86' lang='lat' dir='ltr'><strong>tem,</strong></span> <span class='ocrx_word' id='word_1_252' title='bbox 638 4092 702 4140; x_wconf 84' lang='lat' dir='ltr'><strong>ab</strong></span> <span class='ocrx_word' id='word_1_253' title='bbox 725 4092 902 4152; x_wconf 81' lang='lat' dir='ltr'><strong>affatu,</strong></span> <span class='ocrx_word' id='word_1_254' title='bbox 940 4101 1018 4149; x_wconf 86' lang='lat' dir='ltr'><strong>vel</strong></span> <span class='ocrx_word' id='word_1_255' title='bbox 1049 4116 1077 4150; x_wconf 85' lang='lat' dir='ltr'><strong>a</strong></span> <span class='ocrx_word' id='word_1_256' title='bbox 1101 4102 1289 4154; x_wconf 79' lang='lat' dir='ltr'><strong>Graeco</strong></span> <span class='ocrx_word' id='word_1_257' title='bbox 1324 4107 1534 4176; x_wconf 66' lang='grc' dir='ltr'><strong>ἀφέτας,</strong></span> 
     </span>
     <span class='ocr_line' id='line_1_46' title="bbox 472 4167 1534 4252; baseline 0.027 -40"><span class='ocrx_word' id='word_1_258' title='bbox 472 4167 604 4230; x_wconf 83' lang='lat' dir='ltr'><strong>quod</strong></span> <span class='ocrx_word' id='word_1_259' title='bbox 632 4169 859 4234; x_wconf 80' lang='lat' dir='ltr'><strong>Hesych.</strong></span> <span class='ocrx_word' id='word_1_260' title='bbox 884 4175 1183 4229; x_wconf 80' lang='lat' dir='ltr'><strong>immensum</strong></span> <span class='ocrx_word' id='word_1_261' title='bbox 1225 4182 1534 4252; x_wconf 82' lang='lat' dir='ltr'><strong>interpreta-</strong></span> 
     </span>
    </p>
   </div>
   <div class='ocr_carea' id='block_1_17' title="bbox 1642 1707 2697 1841">
    <p class='ocr_par' dir='ltr' id='par_1_20' title="bbox 1642 1707 2697 1841">
     <span class='ocr_line' id='line_1_47' title="bbox 1642 1707 2686 1766; baseline 0.014 -15"><span class='ocrx_word' id='word_1_262' title='bbox 1642 1711 1743 1752; x_wconf 84' lang='lat' dir='ltr'><strong>tur.</strong></span> <span class='ocrx_word' id='word_1_263' title='bbox 1813 1707 1881 1755; x_wconf 85' lang='lat' dir='ltr'><strong>Et</strong></span> <span class='ocrx_word' id='word_1_264' title='bbox 1919 1707 1988 1756; x_wconf 82' lang='lat' dir='ltr'><strong>ita</strong></span> <span class='ocrx_word' id='word_1_265' title='bbox 2029 1709 2323 1760; x_wconf 70' lang='lat' dir='ltr'><strong>Priscianus</strong></span> <span class='ocrx_word' id='word_1_266' title='bbox 2362 1712 2452 1763; x_wconf 86' lang='lat' dir='ltr'><strong>lib.</strong></span> <span class='ocrx_word' id='word_1_267' title='bbox 2477 1726 2574 1763; x_wconf 86' lang='lat' dir='ltr'><strong>xv.</strong></span> <span class='ocrx_word' id='word_1_268' title='bbox 2596 1715 2686 1766; x_wconf 78' lang='lat' dir='ltr'><strong>sed</strong></span> 
     </span>
     <span class='ocr_line' id='line_1_48' title="bbox 1642 1781 2697 1841; baseline 0.012 -13"><span class='ocrx_word' id='word_1_269' title='bbox 1642 1796 1707 1829; x_wconf 83' lang='lat' dir='ltr'><strong>ex</strong></span> <span class='ocrx_word' id='word_1_270' title='bbox 1751 1781 1931 1834; x_wconf 73' lang='lat' dir='ltr'><strong>Servio</strong></span> <span class='ocrx_word' id='word_1_271' title='bbox 1967 1785 2212 1836; x_wconf 86' lang='lat' dir='ltr'><strong>docemur</strong></span> <span class='ocrx_word' id='word_1_272' title='bbox 2251 1790 2467 1839; x_wconf 85' lang='lat' dir='ltr'><strong>Veteres</strong></span> <span class='ocrx_word' id='word_1_273' title='bbox 2507 1792 2697 1841; x_wconf 81' lang='lat' dir='ltr'><strong>dixisse</strong></span> 
     </span>
    </p>
   </div>
   <div class='ocr_carea' id='block_1_18' title="bbox 1627 1858 2699 1931">
    <p class='ocr_par' dir='ltr' id='par_1_21' title="bbox 1627 1858 2699 1931">
     <span class='ocr_line' id='line_1_49' title="bbox 1627 1858 2699 1931; baseline 0.011 -25"><span class='ocrx_word' id='word_1_274' title='bbox 1627 1858 1795 1917; x_wconf 73' lang='lat' dir='ltr'><strong>satim.</strong></span> <span class='ocrx_word' id='word_1_275' title='bbox 1842 1861 1923 1909; x_wconf 85' lang='lat' dir='ltr'><strong>Ita</strong></span> <span class='ocrx_word' id='word_1_276' title='bbox 1946 1864 2080 1911; x_wconf 80' lang='lat' dir='ltr'><strong>enini</strong></span> <span class='ocrx_word' id='word_1_277' title='bbox 2103 1877 2137 1912; x_wconf 80' lang='grc' dir='ltr'><strong>ι.</strong></span> <span class='ocrx_word' id='word_1_278' title='bbox 2164 1864 2359 1916; x_wconf 77' lang='lat' dir='ltr'><strong>AEneid.</strong></span> <span class='ocrx_word' id='word_1_279' title='bbox 2380 1868 2395 1894; x_wconf 90' lang='lat'>‘</span> <span class='ocrx_word' id='word_1_280' title='bbox 2416 1867 2699 1931; x_wconf 83' lang='lat' dir='ltr'><strong>Fatiscuut,</strong></span> 
     </span>
    </p>
   </div>
   <div class='ocr_carea' id='block_1_19' title="bbox 1614 1934 2702 4178">
    <p class='ocr_par' dir='ltr' id='par_1_22' title="bbox 1614 1934 2702 4178">
     <span class='ocr_line' id='line_1_50' title="bbox 1642 1934 2694 2005; baseline 0.012 -23"><span class='ocrx_word' id='word_1_281' title='bbox 1642 1934 1967 1987; x_wconf 83' lang='lat' dir='ltr'><strong>abundanter</strong></span> <span class='ocrx_word' id='word_1_282' title='bbox 2006 1943 2326 2005; x_wconf 86' lang='lat' dir='ltr'><strong>aperiuntur,</strong></span> <span class='ocrx_word' id='word_1_283' title='bbox 2371 1940 2516 1992; x_wconf 84' lang='lat' dir='ltr'><strong>fatim</strong></span> <span class='ocrx_word' id='word_1_284' title='bbox 2560 1946 2694 1995; x_wconf 84' lang='lat' dir='ltr'><strong>euim</strong></span> 
     </span>
     <span class='ocr_line' id='line_1_51' title="bbox 1641 2011 2694 2079; baseline 0.012 -20"><span class='ocrx_word' id='word_1_285' title='bbox 1641 2011 1963 2064; x_wconf 83' lang='lat' dir='ltr'><strong>abundanter</strong></span> <span class='ocrx_word' id='word_1_286' title='bbox 2006 2016 2241 2079; x_wconf 85' lang='lat' dir='ltr'><strong>dicimus,</strong></span> <span class='ocrx_word' id='word_1_287' title='bbox 2282 2019 2417 2069; x_wconf 87' lang='lat' dir='ltr'><strong>unde</strong></span> <span class='ocrx_word' id='word_1_288' title='bbox 2455 2029 2511 2070; x_wconf 87' lang='lat' dir='ltr'><strong>et</strong></span> <span class='ocrx_word' id='word_1_289' title='bbox 2550 2020 2694 2072; x_wconf 77' lang='lat' dir='ltr'><strong>adfa-</strong></span> 
     </span>
     <span class='ocr_line' id='line_1_52' title="bbox 1643 2089 2696 2163; baseline 0.012 -26"><span class='ocrx_word' id='word_1_290' title='bbox 1643 2089 1784 2141; x_wconf 50' lang='lat' dir='ltr'><strong>tim}</strong></span> <span class='ocrx_word' id='word_1_291' title='bbox 1820 2093 1889 2142; x_wconf 85' lang='lat' dir='ltr'><strong>Et</strong></span> <span class='ocrx_word' id='word_1_292' title='bbox 1916 2094 1989 2142; x_wconf 86' lang='lat' dir='ltr'><strong>ita</strong></span> <span class='ocrx_word' id='word_1_293' title='bbox 2015 2095 2156 2144; x_wconf 76' lang='lat' dir='ltr'><strong>Festi</strong></span> <span class='ocrx_word' id='word_1_294' title='bbox 2181 2097 2323 2145; x_wconf 89' lang='lat' dir='ltr'><strong>locus</strong></span> <span class='ocrx_word' id='word_1_295' title='bbox 2349 2099 2696 2163; x_wconf 83' lang='lat' dir='ltr'><strong>accipiendus.</strong></span> 
     </span>
     <span class='ocr_line' id='line_1_53' title="bbox 1639 2167 2697 2240; baseline 0.012 -25"><span class='ocrx_word' id='word_1_296' title='bbox 1639 2167 1789 2218; x_wconf 64' lang='lat' dir='ltr'><strong>Ideni.</strong></span> <span class='ocrx_word' id='word_1_297' title='bbox 1824 2170 1990 2220; x_wconf 85' lang='lat' dir='ltr'><strong>Verba</strong></span> <span class='ocrx_word' id='word_1_298' title='bbox 2019 2173 2165 2229; x_wconf 85' lang='lat' dir='ltr'><strong>Livii,</strong></span> <span class='ocrx_word' id='word_1_299' title='bbox 2187 2174 2428 2225; x_wconf 80' lang='lat' dir='ltr'><strong>‘adfatim</strong></span> <span class='ocrx_word' id='word_1_300' title='bbox 2450 2178 2551 2240; x_wconf 84' lang='lat' dir='ltr'><strong>edi,</strong></span> <span class='ocrx_word' id='word_1_301' title='bbox 2571 2178 2697 2239; x_wconf 85' lang='lat' dir='ltr'><strong>bibi,</strong></span> 
     </span>
     <span class='ocr_line' id='line_1_54' title="bbox 1636 2245 2695 2318; baseline 0.012 -26"><span class='ocrx_word' id='word_1_302' title='bbox 1636 2245 1769 2307; x_wconf 87' lang='lat' dir='ltr'><strong>lusi,’</strong></span> <span class='ocrx_word' id='word_1_303' title='bbox 1801 2255 1916 2299; x_wconf 87' lang='lat' dir='ltr'><strong>sunt</strong></span> <span class='ocrx_word' id='word_1_304' title='bbox 1954 2265 2018 2298; x_wconf 81' lang='lat' dir='ltr'><strong>ex</strong></span> <span class='ocrx_word' id='word_1_305' title='bbox 2065 2252 2227 2300; x_wconf 81' lang='lat' dir='ltr'><strong>veteri</strong></span> <span class='ocrx_word' id='word_1_306' title='bbox 2264 2252 2519 2318; x_wconf 76' lang='lat' dir='ltr'><strong>Odyssea,</strong></span> <span class='ocrx_word' id='word_1_307' title='bbox 2556 2257 2695 2318; x_wconf 83' lang='lat' dir='ltr'><strong>quod</strong></span> 
     </span>
     <span class='ocr_line' id='line_1_55' title="bbox 1637 2321 2694 2395; baseline 0.012 -26"><span class='ocrx_word' id='word_1_308' title='bbox 1637 2321 1892 2373; x_wconf 80' lang='lat' dir='ltr'><strong>Homerus</strong></span> <span class='ocrx_word' id='word_1_309' title='bbox 1940 2327 2163 2386; x_wconf 79' lang='lat' dir='ltr'><strong>dixerat,</strong></span> <span class='ocrx_word' id='word_1_310' title='bbox 2205 2331 2301 2378; x_wconf 72' lang='grc' dir='ltr'><strong>τῶν</strong></span> <span class='ocrx_word' id='word_1_311' title='bbox 2339 2331 2379 2378; x_wconf 82' lang='grc' dir='ltr'><strong>δ’</strong></span> <span class='ocrx_word' id='word_1_312' title='bbox 2425 2331 2607 2395; x_wconf 74' lang='grc' dir='ltr'><strong><em>ἔφαγόν</em></strong></span> <span class='ocrx_word' id='word_1_313' title='bbox 2648 2324 2694 2382; x_wconf 77' lang='grc' dir='ltr'><strong>τ’</strong></span> 
     </span>
     <span class='ocr_line' id='line_1_56' title="bbox 1636 2400 2691 2465; baseline 0.011 -14"><span class='ocrx_word' id='word_1_314' title='bbox 1636 2400 1762 2452; x_wconf 76' lang='grc' dir='ltr'>ἔπιόν</span> <span class='ocrx_word' id='word_1_315' title='bbox 1800 2422 1874 2465; x_wconf 74' lang='grc' dir='ltr'><strong>τε,</strong></span> <span class='ocrx_word' id='word_1_316' title='bbox 1922 2404 2002 2455; x_wconf 76' lang='grc' dir='ltr'><strong>καὶ</strong></span> <span class='ocrx_word' id='word_1_317' title='bbox 2036 2405 2277 2458; x_wconf 73' lang='grc' dir='ltr'><strong>αἰδοίοισιν</strong></span> <span class='ocrx_word' id='word_1_318' title='bbox 2321 2408 2487 2461; x_wconf 69' lang='grc' dir='ltr'><strong><em>ἔδωκα.</em></strong></span> <span class='ocrx_word' id='word_1_319' title='bbox 2557 2413 2691 2463; x_wconf 83' lang='lat' dir='ltr'><strong>Nam</strong></span> 
     </span>
     <span class='ocr_line' id='line_1_57' title="bbox 1636 2486 2696 2556; baseline 0.012 -26"><span class='ocrx_word' id='word_1_320' title='bbox 1636 2497 1752 2532; x_wconf 86' lang='lat' dir='ltr'><strong>cum</strong></span> <span class='ocrx_word' id='word_1_321' title='bbox 1794 2486 1971 2534; x_wconf 88' lang='lat' dir='ltr'><strong>melior</strong></span> <span class='ocrx_word' id='word_1_322' title='bbox 2012 2502 2130 2550; x_wconf 86' lang='lat' dir='ltr'><strong>pars</strong></span> <span class='ocrx_word' id='word_1_323' title='bbox 2166 2497 2395 2539; x_wconf 78' lang='lat' dir='ltr'><strong>veterum</strong></span> <span class='ocrx_word' id='word_1_324' title='bbox 2437 2493 2696 2556; x_wconf 86' lang='lat' dir='ltr'><strong>interpre-</strong></span> 
     </span>
     <span class='ocr_line' id='line_1_58' title="bbox 1636 2561 2695 2632; baseline 0.011 -24"><span class='ocrx_word' id='word_1_325' title='bbox 1636 2567 1754 2608; x_wconf 85' lang='lat' dir='ltr'><strong>tum·</strong></span> <span class='ocrx_word' id='word_1_326' title='bbox 1780 2561 1828 2610; x_wconf 89' lang='lat' dir='ltr'><strong>iu</strong></span> <span class='ocrx_word' id='word_1_327' title='bbox 1854 2577 1915 2611; x_wconf 82' lang='lat' dir='ltr'><strong>eo</strong></span> <span class='ocrx_word' id='word_1_328' title='bbox 1952 2565 2064 2614; x_wconf 86' lang='lat' dir='ltr'><strong>loco</strong></span> <span class='ocrx_word' id='word_1_329' title='bbox 2096 2564 2155 2613; x_wconf 75' lang='grc' dir='ltr'><strong>τὸ</strong></span> <span class='ocrx_word' id='word_1_330' title='bbox 2186 2564 2374 2618; x_wconf 72' lang='grc' dir='ltr'><strong>αἰδοίοις</strong></span> <span class='ocrx_word' id='word_1_331' title='bbox 2407 2579 2695 2632; x_wconf 82' lang='lat' dir='ltr'><strong>exponeret</strong></span> 
     </span>
     <span class='ocr_line' id='line_1_59' title="bbox 1632 2636 2689 2713; baseline 0.012 -28"><span class='ocrx_word' id='word_1_332' title='bbox 1632 2636 1933 2703; x_wconf 71' lang='grc' dir='ltr'><strong>ἀφροδισίοις,</strong></span> <span class='ocrx_word' id='word_1_333' title='bbox 1956 2642 2093 2706; x_wconf 86' lang='lat' dir='ltr'><strong>quod</strong></span> <span class='ocrx_word' id='word_1_334' title='bbox 2122 2659 2293 2694; x_wconf 81' lang='lat' dir='ltr'><strong>verum</strong></span> <span class='ocrx_word' id='word_1_335' title='bbox 2326 2654 2422 2702; x_wconf 78' lang='lat' dir='ltr'><strong>est,</strong></span> <span class='ocrx_word' id='word_1_336' title='bbox 2445 2647 2689 2713; x_wconf 83' lang='lat' dir='ltr'><strong>quicquid</strong></span> 
     </span>
     <span class='ocr_line' id='line_1_60' title="bbox 1633 2720 2695 2785; baseline 0.009 -20"><span class='ocrx_word' id='word_1_337' title='bbox 1633 2728 1848 2774; x_wconf 69' lang='lat' dir='ltr'><strong>excuset</strong></span> <span class='ocrx_word' id='word_1_338' title='bbox 1875 2720 2108 2771; x_wconf 80' lang='lat' dir='ltr'><strong>Eustath.</strong></span> <span class='ocrx_word' id='word_1_339' title='bbox 2130 2731 2181 2771; x_wconf 89' lang='lat' dir='ltr'><strong>et</strong></span> <span class='ocrx_word' id='word_1_340' title='bbox 2204 2724 2487 2785; x_wconf 86' lang='lat' dir='ltr'><strong>prudentes</strong></span> <span class='ocrx_word' id='word_1_341' title='bbox 2509 2740 2570 2774; x_wconf 89' lang='lat' dir='ltr'><strong>ac</strong></span> <span class='ocrx_word' id='word_1_342' title='bbox 2593 2726 2695 2775; x_wconf 88' lang='lat' dir='ltr'><strong>sci·</strong></span> 
     </span>
     <span class='ocr_line' id='line_1_61' title="bbox 1631 2800 2691 2866; baseline 0.01 -23"><span class='ocrx_word' id='word_1_343' title='bbox 1631 2806 1779 2845; x_wconf 86' lang='lat' dir='ltr'><strong>entes</strong></span> <span class='ocrx_word' id='word_1_344' title='bbox 1802 2807 1978 2848; x_wconf 85' lang='lat' dir='ltr'><strong>errant</strong></span> <span class='ocrx_word' id='word_1_345' title='bbox 1999 2800 2084 2864; x_wconf 88' lang='lat' dir='ltr'><strong>qui</strong></span> <span class='ocrx_word' id='word_1_346' title='bbox 2108 2801 2261 2850; x_wconf 85' lang='lat' dir='ltr'><strong>aliter</strong></span> <span class='ocrx_word' id='word_1_347' title='bbox 2282 2811 2570 2866; x_wconf 82' lang='lat' dir='ltr'><strong>exponunt,</strong></span> <span class='ocrx_word' id='word_1_348' title='bbox 2595 2804 2691 2854; x_wconf 81' lang='lat' dir='ltr'><strong>La-</strong></span> 
     </span>
     <span class='ocr_line' id='line_1_62' title="bbox 1633 2871 2689 2942; baseline 0.011 -23"><span class='ocrx_word' id='word_1_349' title='bbox 1633 2871 1771 2922; x_wconf 85' lang='lat' dir='ltr'><strong>tinus</strong></span> <span class='ocrx_word' id='word_1_350' title='bbox 1819 2874 2076 2939; x_wconf 85' lang='lat' dir='ltr'><strong>interpres</strong></span> <span class='ocrx_word' id='word_1_351' title='bbox 2114 2883 2261 2926; x_wconf 81' lang='lat' dir='ltr'><strong>vetus</strong></span> <span class='ocrx_word' id='word_1_352' title='bbox 2305 2879 2466 2942; x_wconf 38' lang='lat' dir='ltr'><strong>longe.</strong></span> <span class='ocrx_word' id='word_1_353' title='bbox 2496 2883 2689 2931; x_wconf 84' lang='lat' dir='ltr'><strong>castius</strong></span> 
     </span>
     <span class='ocr_line' id='line_1_63' title="bbox 1630 2946 2693 3020; baseline 0.01 -23"><span class='ocrx_word' id='word_1_354' title='bbox 1630 2946 1763 2998; x_wconf 85' lang='lat' dir='ltr'><strong>dixit</strong></span> <span class='ocrx_word' id='word_1_355' title='bbox 1793 2951 1902 3014; x_wconf 75' lang='lat' dir='ltr'><strong>lusi,</strong></span> <span class='ocrx_word' id='word_1_356' title='bbox 1939 2959 1995 3000; x_wconf 87' lang='lat' dir='ltr'><strong>et</strong></span> <span class='ocrx_word' id='word_1_357' title='bbox 2028 2957 2197 3003; x_wconf 86' lang='lat' dir='ltr'><strong>tamen</strong></span> <span class='ocrx_word' id='word_1_358' title='bbox 2223 2954 2426 3004; x_wconf 84' lang='lat' dir='ltr'><strong>abunde</strong></span> <span class='ocrx_word' id='word_1_359' title='bbox 2458 2958 2693 3020; x_wconf 77' lang='lat' dir='ltr'><strong>explevit</strong></span> 
     </span>
     <span class='ocr_line' id='line_1_64' title="bbox 1629 3017 2688 3085; baseline 0.01 -11"><span class='ocrx_word' id='word_1_360' title='bbox 1629 3017 1831 3077; x_wconf 80' lang='lat' dir='ltr'><strong>sensum</strong></span> <span class='ocrx_word' id='word_1_361' title='bbox 1859 3028 2091 3080; x_wconf 82' lang='lat' dir='ltr'><strong>Homeri.</strong></span> <span class='ocrx_word' id='word_1_362' title='bbox 2160 3030 2245 3080; x_wconf 90' lang='lat' dir='ltr'><strong>De</strong></span> <span class='ocrx_word' id='word_1_363' title='bbox 2270 3046 2331 3081; x_wconf 87' lang='lat' dir='ltr'><strong>eo</strong></span> <span class='ocrx_word' id='word_1_364' title='bbox 2355 3033 2468 3082; x_wconf 89' lang='lat' dir='ltr'><strong>loco</strong></span> <span class='ocrx_word' id='word_1_365' title='bbox 2496 3033 2688 3085; x_wconf 85' lang='lat' dir='ltr'><strong>Home·</strong></span> 
     </span>
     <span class='ocr_line' id='line_1_65' title="bbox 1630 3104 2687 3178; baseline 0.01 -25"><span class='ocrx_word' id='word_1_366' title='bbox 1630 3104 1672 3153; x_wconf 91' lang='lat' dir='ltr'><strong>ri</strong></span> <span class='ocrx_word' id='word_1_367' title='bbox 1711 3106 1827 3155; x_wconf 81' lang='lat' dir='ltr'><strong>vide</strong></span> <span class='ocrx_word' id='word_1_368' title='bbox 1868 3108 2087 3172; x_wconf 83' lang='lat' dir='ltr'><strong>amplius</strong></span> <span class='ocrx_word' id='word_1_369' title='bbox 2129 3109 2535 3173; x_wconf 68' lang='lat' dir='ltr'><strong>loquacissimum</strong></span> <span class='ocrx_word' id='word_1_370' title='bbox 2573 3115 2687 3178; x_wconf 87' lang='lat' dir='ltr'><strong>ejus</strong></span> 
     </span>
     <span class='ocr_line' id='line_1_66' title="bbox 1627 3181 2689 3247; baseline 0.011 -18"><span class='ocrx_word' id='word_1_371' title='bbox 1627 3181 1966 3247; x_wconf 80' lang='lat' dir='ltr'><strong>interpretem</strong></span> <span class='ocrx_word' id='word_1_372' title='bbox 2026 3186 2370 3236; x_wconf 84' lang='lat' dir='ltr'><strong>Eustatbium:</strong></span> <span class='ocrx_word' id='word_1_373' title='bbox 2428 3191 2572 3240; x_wconf 84' lang='lat' dir='ltr'><strong>iocus</strong></span> <span class='ocrx_word' id='word_1_374' title='bbox 2610 3200 2689 3241; x_wconf 85' lang='lat' dir='ltr'><strong>est</strong></span> 
     </span>
     <span class='ocr_line' id='line_1_67' title="bbox 1623 3260 2689 3326; baseline 0.01 -19"><span class='ocrx_word' id='word_1_375' title='bbox 1623 3260 1818 3310; x_wconf 72' lang='grc' dir='ltr'><strong><em>Ὀδνσσ.</em></strong></span> <span class='ocrx_word' id='word_1_376' title='bbox 1853 3268 1915 3312; x_wconf 92' lang='grc' dir='ltr'><strong>Ο.</strong></span> <span class='ocrx_word' id='word_1_377' title='bbox 1944 3264 2051 3312; x_wconf 74' lang='lat' dir='ltr'><strong>Jos.</strong></span> <span class='ocrx_word' id='word_1_378' title='bbox 2092 3263 2273 3326; x_wconf 70' lang='lat' dir='ltr'><strong>Scalig.</strong></span> <span class='ocrx_word' id='word_1_379' title='bbox 2344 3267 2462 3316; x_wconf 85' lang='lat' dir='ltr'><strong>Huc</strong></span> <span class='ocrx_word' id='word_1_380' title='bbox 2503 3269 2689 3319; x_wconf 88' lang='lat' dir='ltr'><strong>alludit</strong></span> 
     </span>
     <span class='ocr_line' id='line_1_68' title="bbox 1622 3337 2687 3405; baseline 0.009 -20"><span class='ocrx_word' id='word_1_381' title='bbox 1622 3337 1963 3402; x_wconf 83' lang='lat' dir='ltr'><strong>Sardanapali</strong></span> <span class='ocrx_word' id='word_1_382' title='bbox 2018 3341 2264 3404; x_wconf 83' lang='lat' dir='ltr'><strong>Epitaph.</strong></span> <span class='ocrx_word' id='word_1_383' title='bbox 2328 3346 2343 3372; x_wconf 81' lang='lat'><strong>⁴</strong></span> <span class='ocrx_word' id='word_1_384' title='bbox 2373 3344 2501 3402; x_wconf 79' lang='lat' dir='ltr'><strong>Ede,</strong></span> <span class='ocrx_word' id='word_1_385' title='bbox 2548 3345 2687 3405; x_wconf 78' lang='lat' dir='ltr'><strong>bibe,</strong></span> 
     </span>
     <span class='ocr_line' id='line_1_69' title="bbox 1623 3414 2702 3486; baseline 0.008 -23"><span class='ocrx_word' id='word_1_386' title='bbox 1623 3414 1764 3471; x_wconf 83' lang='lat' dir='ltr'><strong>iude,</strong></span> <span class='ocrx_word' id='word_1_387' title='bbox 1812 3422 1928 3479; x_wconf 83' lang='lat' dir='ltr'><strong>post</strong></span> <span class='ocrx_word' id='word_1_388' title='bbox 1971 3426 2189 3466; x_wconf 84' lang='lat' dir='ltr'><strong>mortem</strong></span> <span class='ocrx_word' id='word_1_389' title='bbox 2236 3419 2376 3468; x_wconf 85' lang='lat' dir='ltr'><strong>nulla</strong></span> <span class='ocrx_word' id='word_1_390' title='bbox 2415 3421 2702 3486; x_wconf 60' lang='lat' dir='ltr'><strong>*roluptmu&#39;v</strong></span> 
     </span>
     <span class='ocr_line' id='line_1_70' title="bbox 1621 3492 2683 3563; baseline 0.01 -22"><span class='ocrx_word' id='word_1_391' title='bbox 1621 3492 1809 3542; x_wconf 80' lang='lat' dir='ltr'><strong>Ludere</strong></span> <span class='ocrx_word' id='word_1_392' title='bbox 1866 3492 2000 3542; x_wconf 87' lang='lat' dir='ltr'><strong>enim</strong></span> <span class='ocrx_word' id='word_1_393' title='bbox 2056 3496 2245 3559; x_wconf 67' lang='lat' dir='ltr'><strong>ata-pius</strong></span> <span class='ocrx_word' id='word_1_394' title='bbox 2291 3497 2356 3547; x_wconf 90' lang='lat' dir='ltr'><strong>de</strong></span> <span class='ocrx_word' id='word_1_395' title='bbox 2410 3515 2683 3563; x_wconf 64' lang='lat' dir='ltr'><strong>congressu</strong></span> 
     </span>
     <span class='ocr_line' id='line_1_71' title="bbox 1622 3568 2680 3627; baseline 0.01 -11"><span class='ocrx_word' id='word_1_396' title='bbox 1622 3569 1877 3619; x_wconf 76' lang='lat' dir='ltr'><strong>venereo.</strong></span> <span class='ocrx_word' id='word_1_397' title='bbox 1915 3568 2130 3621; x_wconf 86' lang='lat' dir='ltr'><strong>Petron.</strong></span> <span class='ocrx_word' id='word_1_398' title='bbox 2161 3574 2177 3601; x_wconf 78' lang='lat'><strong><em>⁴</em></strong></span> <span class='ocrx_word' id='word_1_399' title='bbox 2207 3572 2416 3626; x_wconf 81' lang='lat' dir='ltr'><strong>Invenit</strong></span> <span class='ocrx_word' id='word_1_400' title='bbox 2449 3591 2529 3626; x_wconf 90' lang='lat' dir='ltr'><strong>me</strong></span> <span class='ocrx_word' id='word_1_401' title='bbox 2566 3594 2680 3627; x_wconf 85' lang='lat' dir='ltr'><strong>cum</strong></span> 
     </span>
     <span class='ocr_line' id='line_1_72' title="bbox 1619 3644 2684 3719; baseline 0.012 -25"><span class='ocrx_word' id='word_1_402' title='bbox 1619 3644 1783 3697; x_wconf 85' lang='lat' dir='ltr'><strong>fratre</strong></span> <span class='ocrx_word' id='word_1_403' title='bbox 1811 3648 2116 3698; x_wconf 83' lang='lat' dir='ltr'><strong>ludentem.’</strong></span> <span class='ocrx_word' id='word_1_404' title='bbox 2181 3652 2264 3702; x_wconf 82' lang='lat' dir='ltr'><strong>Sic</strong></span> <span class='ocrx_word' id='word_1_405' title='bbox 2301 3654 2476 3705; x_wconf 75' lang='lat' dir='ltr'><strong>Groeci</strong></span> <span class='ocrx_word' id='word_1_406' title='bbox 2506 3656 2684 3719; x_wconf 71' lang='grc' dir='ltr'><strong>παίζειν</strong></span> 
     </span>
     <span class='ocr_line' id='line_1_73' title="bbox 1618 3724 2680 3799; baseline 0.013 -27"><span class='ocrx_word' id='word_1_407' title='bbox 1618 3724 1683 3773; x_wconf 89' lang='lat' dir='ltr'><strong>de</strong></span> <span class='ocrx_word' id='word_1_408' title='bbox 1707 3725 1886 3775; x_wconf 86' lang='lat' dir='ltr'><strong>eadem</strong></span> <span class='ocrx_word' id='word_1_409' title='bbox 1926 3742 1980 3775; x_wconf 87' lang='lat' dir='ltr'><strong>re</strong></span> <span class='ocrx_word' id='word_1_410' title='bbox 2016 3728 2278 3788; x_wconf 84' lang='lat' dir='ltr'><strong>dicebant,</strong></span> <span class='ocrx_word' id='word_1_411' title='bbox 2316 3741 2374 3782; x_wconf 89' lang='lat' dir='ltr'><strong>ut</strong></span> <span class='ocrx_word' id='word_1_412' title='bbox 2406 3735 2543 3799; x_wconf 89' lang='lat' dir='ltr'><strong>apud</strong></span> <span class='ocrx_word' id='word_1_413' title='bbox 2584 3739 2680 3786; x_wconf 85' lang='lat' dir='ltr'><strong>Lu-</strong></span> 
     </span>
     <span class='ocr_line' id='line_1_74' title="bbox 1619 3807 2682 3866; baseline 0.008 -10"><span class='ocrx_word' id='word_1_414' title='bbox 1619 3807 1822 3856; x_wconf 84' lang='lat' dir='ltr'><strong>ciauum</strong></span> <span class='ocrx_word' id='word_1_415' title='bbox 1870 3807 2080 3858; x_wconf 86' lang='lat' dir='ltr'><strong>alicubi.</strong></span> <span class='ocrx_word' id='word_1_416' title='bbox 2145 3809 2215 3858; x_wconf 80' lang='lat' dir='ltr'><strong>Et</strong></span> <span class='ocrx_word' id='word_1_417' title='bbox 2262 3811 2312 3859; x_wconf 87' lang='lat' dir='ltr'><strong>in</strong></span> <span class='ocrx_word' id='word_1_418' title='bbox 2359 3812 2446 3862; x_wconf 84' lang='lat' dir='ltr'><strong>illo</strong></span> <span class='ocrx_word' id='word_1_419' title='bbox 2488 3815 2682 3866; x_wconf 78' lang='lat' dir='ltr'><strong>Genea.</strong></span> 
     </span>
     <span class='ocr_line' id='line_1_75' title="bbox 1617 3885 2674 3949; baseline 0.011 -19"><span class='ocrx_word' id='word_1_420' title='bbox 1617 3898 1733 3947; x_wconf 84' lang='lat' dir='ltr'><strong>cap.</strong></span> <span class='ocrx_word' id='word_1_421' title='bbox 1758 3890 1835 3934; x_wconf 70' lang='lat'><strong>⁶26.</strong></span> <span class='ocrx_word' id='word_1_422' title='bbox 1862 3886 1926 3934; x_wconf 90' lang='lat' dir='ltr'><strong>de</strong></span> <span class='ocrx_word' id='word_1_423' title='bbox 1963 3886 2107 3949; x_wconf 84' lang='lat' dir='ltr'><strong>Rege</strong></span> <span class='ocrx_word' id='word_1_424' title='bbox 2134 3885 2450 3947; x_wconf 84' lang='lat' dir='ltr'><strong>Abimelech,</strong></span> <span class='ocrx_word' id='word_1_425' title='bbox 2473 3889 2567 3941; x_wconf 64' lang='grc' dir='ltr'><strong>εἶδε</strong></span> <span class='ocrx_word' id='word_1_426' title='bbox 2585 3893 2674 3942; x_wconf 74' lang='grc' dir='ltr'><strong>τὸν</strong></span> 
     </span>
     <span class='ocr_line' id='line_1_76' title="bbox 1615 3961 2676 4034; baseline 0.012 -24"><span class='ocrx_word' id='word_1_427' title='bbox 1615 3961 1780 4012; x_wconf 72' lang='grc' dir='ltr'><strong>Ἰσαὰκ</strong></span> <span class='ocrx_word' id='word_1_428' title='bbox 1813 3962 2047 4026; x_wconf 69' lang='grc' dir='ltr'><strong>παίζοντα</strong></span> <span class='ocrx_word' id='word_1_429' title='bbox 2068 3965 2189 4025; x_wconf 64' lang='grc' dir='ltr'><strong>μετὰ</strong></span> <span class='ocrx_word' id='word_1_430' title='bbox 2212 3966 2462 4024; x_wconf 70' lang='grc' dir='ltr'><strong>Ῥεβέκκας</strong></span> <span class='ocrx_word' id='word_1_431' title='bbox 2483 3973 2570 4029; x_wconf 77' lang='grc' dir='ltr'><strong>τῆς</strong></span> <span class='ocrx_word' id='word_1_432' title='bbox 2591 3989 2676 4034; x_wconf 76' lang='grc' dir='ltr'><strong><em>’γν-</em></strong></span> 
     </span>
     <span class='ocr_line' id='line_1_77' title="bbox 1618 4039 2676 4104; baseline 0.012 -16"><span class='ocrx_word' id='word_1_433' title='bbox 1618 4039 1774 4091; x_wconf 61' lang='lat' dir='ltr'><strong>samos</strong></span> <span class='ocrx_word' id='word_1_434' title='bbox 1813 4041 1976 4104; x_wconf 69' lang='grc' dir='ltr'>αὐτοῦ,</span> <span class='ocrx_word' id='word_1_435' title='bbox 2020 4044 2150 4094; x_wconf 81' lang='lat' dir='ltr'><strong>vidit</strong></span> <span class='ocrx_word' id='word_1_436' title='bbox 2204 4044 2354 4095; x_wconf 80' lang='lat' dir='ltr'><strong>Isaac</strong></span> <span class='ocrx_word' id='word_1_437' title='bbox 2412 4049 2676 4101; x_wconf 85' lang='lat' dir='ltr'><strong>ludentem</strong></span> 
     </span>
     <span class='ocr_line' id='line_1_78' title="bbox 1614 4120 2525 4178; baseline 0.01 -9"><span class='ocrx_word' id='word_1_438' title='bbox 1614 4134 1729 4169; x_wconf 88' lang='lat' dir='ltr'><strong>cum</strong></span> <span class='ocrx_word' id='word_1_439' title='bbox 1754 4120 1995 4171; x_wconf 82' lang='lat' dir='ltr'><strong>Rebecca</strong></span> <span class='ocrx_word' id='word_1_440' title='bbox 2013 4122 2231 4175; x_wconf 81' lang='lat' dir='ltr'><strong>muliere</strong></span> <span class='ocrx_word' id='word_1_441' title='bbox 2254 4138 2367 4177; x_wconf 86' lang='lat' dir='ltr'><strong>sua.</strong></span> <span class='ocrx_word' id='word_1_442' title='bbox 2398 4126 2525 4178; x_wconf 79' lang='lat' dir='ltr'><strong>Duc.</strong></span> 
     </span>
    </p>
   </div>
  </div>
 </body>
</html>
