3020 4853
572 397 669 445 DE
724 398 1133 450 VERBORUM
1184 399 1801 485 SmNnnoATlouss
1853 413 1994 463 Lm.
2040 417 2154 466 111.

2329 403 2460 470 177

283 537 708 609 Couclavatae
730 554 757 581 ⁸
800 545 1203 626 dicebantur,
1235 570 1390 635 quae
1421 554 1544 618 sub
1574 554 1805 621 eadem
1836 566 2020 624 erant
2049 563 2256 629 clave.

282 638 635 709 conclavia
658 644 683 681 b
725 647 1030 715 dicuntur
1052 651 1225 731 loca,
1259 674 1412 736 quae
1443 674 1575 720 una
1604 657 1798 723 clave
1822 659 1846 698 ⁸
1891 663 2308 730 clauduntur.

279 741 624 823 Condere,c
666 750 1052 833 imponere.⁹
1140 754 1442 821 Condere
1469 763 1738 844 proprie
1769 773 1875 827 est
1904 785 2131 846 unum,
2163 777 2229 834 et
2263 772 2332 835 in
2358 771 2453 837 in»

356 849 653 914 tet-iorem
683 851 902 917 locum
931 855 1090 920 dare
1120 857 1208 922 ad
1239 859 1616 925 custodiam
1645 862 2050 933 faciliorem:
2097 873 2281 954 quod
2312 893 2453 937 ver-

353 949 509 1014 bum
588 953 758 1019 nu'nc
841 959 1176 1038 significat
1228 963 1666 1044 conscribere,
1730 985 1904 1034 nunc
1960 970 2207 1051 facere,
2279 994 2451 1040 nunc

354 1070 767 1137 componere,
798 1065 865 1122 et
890 1061 1227 1128 instruere.

271 1149 635 1222 Condicere
657 1156 685 1195 ‘¹
727 1167 828 1225 est
855 1162 1139 1230 dicendo
1172 1167 1578 1236 denuntiare.

270 1252 613 1325 Condictio
632 1270 655 1296 ²
686 1262 751 1328 in
775 1265 949 1330 diem
974 1274 1244 1347 certum,
1269 1272 1411 1355 ejus
1442 1276 1557 1352 rei,
1582 1296 1733 1360 quae
1755 1279 1985 1361 agitur,
2015 1281 2449 1347 denuntiatio.

270 1355 667 1428 Condictum
686 1362 709 1400 f
745 1375 871 1446 est,
903 1371 1084 1453 quod
1112 1373 1178 1436 in
1210 1377 1546 1440 communi
1577 1388 1684 1443 est
1712 1381 1981 1446 dictum.

1178 1537 1500 1559 “‘ONO‘OOO
1506 1541 1537 1559 O

324 1627 355 1671 8
391 1624 479 1676 Al.
502 1630 642 1679 clavi.
709 1636 741 1682 9
774 1633 872 1684 Ed.
895 1635 1031 1687 Scal.
1054 1653 1321 1703 componere
1341 1648 1396 1691 et
1419 1657 1538 1692 mox
1560 1644 1612 1692 in
1633 1659 1790 1693 unm.

1243 1807 1292 1856 N
1301 1806 1455 1858 01·AE

310 1910 342 1949 .²
378 1905 705 1971 Conclavntoe]
752 1910 909 1961 Hand
946 1912 1104 1965 dubie
1136 1917 1310 1981 legen·

259 1979 376 2030 dum
405 1985 696 2035 conclavia.-
740 1995 794 2038 et
830 1998 972 2041 recte
1005 1994 1124 2044 huic
1153 2010 1312 2060 expo·

256 2058 419 2108 silioni
443 2064 690 2113 convenit
721 2065 1024 2119 Graecorum
1053 2072 1309 2136 interpre-

254 2137 379 2185 tatio
402 2154 413 2186 :
468 2140 484 2167 ‘
507 2140 810 2200 Conclavia,
864 2148 1106 2199 wdetun-⁹
1172 2153 1309 2204 Quin

253 2221 303 2262 et
324 2218 595 2281 sequentia
615 2220 936 2274 confirmant.
966 2229 1071 2279 Jos.
1094 2229 1221 2279 θοαὶ.

317 2290 642 2357 cmzavatoe]
714 2297 1129 2366 Subintelligitur
1170 2308 1309 2359 oedes.

250 2363 399 2415 AEdes
423 2370 746 2421 conclavatae
769 2384 885 2426 sunt
903 2393 1017 2443 quae
1038 2395 1136 2432 una
1161 2383 1307 2433 clave

249 2446 580 2509 clauduntur,
604 2461 659 2502 et
692 2454 826 2505 idem
861 2458 1104 2510 videntur
1134 2461 1307 2512 facere

1393 1934 1448 1969 re
1468 1920 1713 1983 cannen,’
1748 1920 1763 1948 ‘
1783 1920 1956 1977 bena:
1983 1924 2082 1972 διο.
2148 1922 2443 1988 Aliquando

1389 1998 1707 2056 ‘renovarc‚'
1758 2000 1808 2048 iu
1854 1999 2109 2064 integrum
2153 2002 2443 2054 restituere.

1390 2074 1571 2126 Florus
1598 2090 1632 2126 ι.
1657 2081 1700 2128 8.
1728 2077 1793 2128 de
1823 2079 1971 2128 Tullo
2007 2079 2263 2129 Hostilio:
2302 2087 2316 2108 ⁸
2339 2081 2442 2130 Hic
2487 2096 2495 2103 ·

1390 2166 1589 2202 omnem
1615 2154 1883 2203 militarem
1908 2155 2230 2219 disciplinam
2255 2163 2445 2205 artem-

1389 2243 1489 2294 que
1535 2231 1756 2279 bellandi
1802 2232 2072 2281 condidit:
2161 2234 2232 2281 Et
2279 2234 2439 2284 alibi:

1386 2306 1402 2335 ‘
1420 2304 1684 2368 Angustus
1701 2307 1928 2356 condidit
1949 2308 2257 2371 imperinm!
2295 2312 2443 2361 Idem.

1451 2380 1474 2412 ‘¹
1517 2382 1797 2447 Condicere]
1849 2384 2066 2433 Veteres
2104 2384 2299 2443 Graeci,
2332 2402 2444 2434 συν-

1390 2455 1653 2508 *doemone
1682 2460 1803 2520 μετὰ
1833 2462 2171 2524 παραγγελίας.
2222 2462 2444 2513 Condic-

246 2524 374 2586 quod
409 2527 631 2578 conclave
666 2532 773 2581 eive
805 2539 1132 2598 conclavium5
1177 2540 1311 2590 unde
1392 2535 1486 2597 tio,
1509 2536 1740 2598 συνναγή.
1774 2538 1875 2587 ἆοε.
1898 2538 2025 2587 Seni.

247 2600 398 2651 ethic
424 2605 589 2653 etiam
621 2611 858 2661 conclavia
888 2613 1161 2677 legendnm
1187 2630 1309 2666 con·

244 2677 401 2729 cludit
416 2679 631 2731 doctiss.
654 2683 1109 2751 Scaligerfrnstra.
1146 2691 1302 2741 Aliud

245 2755 371 2805 enirn
394 2761 634 2822 conclave,
657 2763 793 2812 aliud
820 2769 1114 2820 conclameoe.
1168 2770 1301 2820 Nam

245 2836 575 2885 conclavatus
596 2839 734 2888 mdes
759 2841 951 2894 dixisse
968 2835 1188 2896 Veteres
1207 2863 1301 2912 pu·

244 2913 296 2955 to
338 2913 632 2975 compluria
676 2916 917 2969 cubicula
965 2925 1143 2985 pervia
1183 2939 1299 2990 qnae

245 2991 391 3045 porta
423 3003 535 3038 una
567 2991 675 3041 eive
715 2995 861 3044 clave
902 2999 1301 3062 clauderentnr3

243 3064 471 3122 quamvis
493 3066 598 3116 hoc
623 3082 725 3119 non
757 3072 883 3122 ntis
915 3074 1139 3142 dilucide
1163 3077 1300 3141 apud

243 3136 465 3192 Festum.
501 3144 633 3195 Dae.

300 3215 324 3249 δ
359 3220 646 3285 Condat-ia]
700 3224 954 3277 conclave
996 3235 1050 3278 et
1090 3231 1298 3280 concla-

245 3290 393 3349 vium.
418 3309 538 3345 nam
564 3305 837 3366 utrumque
861 3303 1072 3371 dicitur,
1109 3314 1190 3356 est
1225 3308 1301 3356 lo-

245 3380 330 3416 cun
352 3372 606 3421 secretior
633 3374 682 3423 in
720 3380 1072 3439 penetralibus
1107 3383 1300 3432 intimis

243 3442 437 3509 domus,
461 3464 566 3498 una
591 3450 736 3500 clave
760 3452 1057 3506 domesticis
1079 3458 1298 3521 pervius.

243 3519 354 3585 Vel,
393 3531 451 3574 nt
492 3527 566 3575 ait
604 3527 860 3588 Donatus,
895 3531 1180 3583 ‘conclave
1220 3543 1301 3585 eat

241 3601 531 3661 separatior
565 3603 705 3653 locus
738 3605 790 3655 in
828 3609 1161 3660 interioribus
1191 3617 1299 3662 tec-

242 3671 336 3735 tiu
387 3676 470 3724 vel
506 3680 641 3741 quod
674 3681 810 3731 intra
841 3699 954 3734 eum
987 3686 1101 3736 loca
1136 3688 1301 3738 multa

243 3759 294 3800 et
334 3753 569 3806 enbicnla
615 3760 788 3812 clausa
831 3764 933 3815 sint
981 3766 1298 3818 adhaerentia

242 3829 501 3881 triclinio!
539 3835 688 3885 Idem.

302 3911 324 3937 ²
362 3909 601 3975 Condere]
635 3913 794 3964 Simul
818 3916 869 3965 ln
893 3918 1189 3970 interiorem
1220 3921 1299 3971 lo-

243 3994 354 4031 cnm
377 3984 504 4035 dare
527 3990 776 4040 custodiae
802 4005 993 4055 cau⁸a;
1026 4003 1104 4058 ut,
1120 3998 1141 4041 ί
1163 3997 1297 4047 Con·

243 4056 318 4107 dit
339 4075 463 4122 opes
490 4063 655 4113 alins!
721 4066 1014 4133 Aliquando
1036 4071 1052 4099 ‘
1071 4074 1296 4122 conscri—

240 4129 401 4196 bere,’
424 4143 483 4184 ut
503 4137 520 4164 ‘
540 4143 823 4190 exercitum
850 4145 1116 4210 condidit‚'
1134 4148 1299 4211 idest,

244 4211 568 4274 conscripsit.
678 4216 975 4282 Aliquando
1042 4225 1057 4251 ‘
1082 4221 1294 4284 facere‚'

248 4285 620 4350 ‘componere,'
641 4292 655 4319 ‘
671 4293 960 4359 instruere‚'
983 4304 1041 4347 ut
1072 4299 1089 4327 ‘
1105 4299 1295 4348 conde·

373 4366 553 4432 Delph.
573 4377 617 4421 et
640 4373 755 4423 Ver.
776 4377 907 4429 ctus.

1457 2613 1736 2675 Condicere]
1784 2614 2005 2679 Proprie
2040 2621 2136 2676 eat,
2159 2630 2274 2666 cnm
2296 2621 2444 2667 actor

1389 2687 1681 2738 adversario
1703 2690 1976 2740 denuntiat
1994 2699 2050 2742 ut
2065 2700 2209 2742 certa
2225 2701 2281 2742 et
2304 2701 2443 2744 stata

1386 2766 1471 2815 die
1485 2766 1689 2830 judicio
1711 2767 1864 2819 adsit.
1919 2769 2112 2818 Postea
2133 2767 2324 2820 factum
2341 2779 2442 2832 est,

1380 2849 1437 2892 ut
1461 2844 1512 2892 in
1537 2845 1718 2908 quovis
1740 2845 1839 2894 alio
1871 2848 2083 2909 negotio
2103 2848 2345 2898 condicere
2365 2848 2444 2897 di·

1380 2928 1567 2970 cantur
1591 2922 1626 2970 ii
1659 2923 1746 2986 qni
1772 2936 1835 2971 ex
1867 2933 2138 2986 compacto
2175 2924 2441 2988 quidpiam

1380 3002 1588 3059 gerunt,
1643 3006 1698 3046 et
1755 3005 1934 3047 mutuo
1988 2999 2083 3048 sibi
2131 3000 2442 3049 denuntiant

1380 3073 1516 3121 diem
1555 3073 1824 3138 locumque
1860 3074 1936 3122 rei
1974 3075 2233 3138 gerendae.
2268 3074 2444 3124 Plaut.

1381 3150 1594 3199 Curcnl.
1657 3149 1751 3199 ‘Si
1794 3156 1962 3200 status
2010 3137 2277 3201 condictus
2322 3165 2440 3201 cnm

1378 3228 1524 3277 hoste
1547 3227 1825 3278 intercedit
1849 3228 1999 3279 ἀίει)
2051 3228 2182 3278 Inde
2210 3228 2442 3279 condictio

1379 3303 1433 3352 in
1467 3304 1603 3354 diem
1637 3312 1837 3354 certum
1879 3305 1954 3354 rei
1997 3320 2111 3370 quae
2151 3307 2319 3369 agitur
2353 3307 2442 3354 de-

1376 3383 1665 3439 nunciatlo.
1689 3390 1745 3433 et
1776 3384 2040 3432 condictum
2063 3384 2196 3447 quod
2231 3386 2279 3433 in
2305 3398 2441 3434 com-

1382 3461 1524 3510 muni
1568 3460 1763 3510 dictum
1809 3465 1905 3510 est.
1989 3462 2119 3510 Inde
2163 3457 2439 3511 condicere

1382 3553 1579 3588 coenam
1618 3539 1792 3601 alicui,
1826 3546 1907 3588 est
1932 3538 2006 3587 illi
2045 3538 2346 3589 denuntiare
2384 3552 2439 3587 se

1381 3615 1520 3678 apud
1554 3628 1670 3664 eum
1707 3623 2049 3675 coenaturum,
2078 3616 2215 3677 qnod
2253 3615 2439 3663 Cicero

1381 3691 1619 3740 absolute
1655 3691 1786 3740 dixit
1819 3690 2060 3740 condicere
2093 3689 2184 3738 lib.
2215 3702 2254 3738 1.
2279 3690 2440 3739 famil.

1378 3782 1462 3831 ep.
1494 3771 1544 3816 9.
1571 3769 1587 3795 ‘
1607 3780 1723 3816 curn
1758 3767 1880 3815 mihi
1913 3766 2251 3828 condixiseet‚
2275 3781 2444 3816 coena·

1380 3844 1456 3892 vit
1476 3842 1614 3905 apud
1639 3842 1759 3892 me.’
1792 3842 1916 3893 Dae.

1442 3925 1464 3950 θ
1503 3917 1778 3981 Comicae]
1815 3916 1954 3966 Vide
1988 3922 2096 3967 not.
2119 3931 2232 3984 sup.
2254 3917 2437 3987 eadem

1379 3994 1590 4044 videtur
1608 4009 1724 4059 qum
1742 4002 1755 4023 ‘
1771 3993 2279 4057 comperendinatio.'
2303 3994 2438 4044 Vide

1376 4078 1392 4101 ⁸
1412 4085 1495 4121 rea
1518 4069 2011 4135 comperendinata!
2045 4071 2195 4119 Idem.

1441 4147 1461 4182 f
1492 4148 1801 4211 Candidum]
1865 4148 2002 4196 Nam
2045 4148 2286 4196 condicere
2340 4153 2474 4208 eat‚·

1377 4222 1527 4273 simul
1573 4222 1768 4272 dicere.
1815 4222 2002 4286 Pomp.
2046 4223 2133 4272 lib.
2175 4235 2332 4271 var.
2372 4221 2438 4269 de

1377 4307 1540 4364 empt.
1583 4307 1596 4328 ⁸
1621 4301 1681 4351 In
1702 4299 1971 4350 vendendo
1986 4299 2165 4361 fundo,
2186 4299 2439 4363 quaedam,

1183 4381 1351 4444 Pomp.
1378 4384 1425 4432 F
1422 4390 1513 4434 est.
2251 4381 2307 4428 Μ
