3020 4853
509 423 603 470 DE
652 420 1061 472 vBRBoRuM
1109 420 1727 473 SIGNIFIGATlONE
1776 422 1921 473 [AB.
1968 424 2129 475 xvl.

314 584 464 628 oum
514 575 875 631 meassem¹
936 566 1224 652 objectet
1273 566 1560 634 facilius·

2283 414 2412 481 731

1651 569 1827 635 Nam
1884 577 1950 636 et
2000 572 2242 637 hostire
2286 593 2415 656 pro

317 687 587 751 aequare
618 677 1003 753 posuerunt.
1049 670 1303 736 Ennius
1326 673 1400 737 in
1430 671 1917 757 Chresphonte:
1950 674 2143 740 audis
2172 683 2373 760 atque
2391 684 2413 711 ⁸

314 770 564 836 auditis
602 772 1068 839 hostimentum
1118 775 1487 861 adjungito,
1569 777 1656 840 Et
1683 776 1750 841 in
1784 778 2101 843 Hectoris
2132 778 2322 862 lytris
2348 785 2414 844 :²

318 869 492 950 Quae
523 896 671 940 mea
701 879 1005 942 cominus
1030 878 1377 957 machaera,
1399 885 1600 964 atque
1631 878 1824 946 hasta
1843 880 2126 963 hospius
2146 883 2168 918 ³
2199 899 2415 945 manu.

323 978 414 1044 Et
435 979 779 1045 Pacuvius
803 981 870 1046 in
886 973 1177 1047 Teucro:
1211 982 1339 1059 nisi
1367 981 1645 1048 coerceo
1674 984 2147 1067 protervitates
2168 984 2185 1021 ²
2215 990 2417 1069 atque

317 1087 538 1153 hostio
570 1084 905 1149 ferociam.

226 1189 631 1259 Redbostire
657 1193 758 1251 est
787 1187 1062 1269 gratiam
1093 1187 1329 1253 referre
1356 1209 1371 1251 z
1418 1209 1571 1254 nam
1603 1193 1670 1254 et
1698 1189 1946 1254 hostire
1978 1208 2098 1273 pro
2150 1189 2416 1272 [PAnn.

318 1312 583 1377 aequare
611 1295 993 1374 posuerunt.

226 1397 588 1463 Redibitur
618 1399 755 1458 tum
830 1392 896 1457 id
921 1400 950 1426 ²¹
982 1394 1250 1477 proprie
1281 1394 1528 1459 dicitur
1576 1396 1758 1478 quod
1797 1396 2124 1461 redditum
2169 1397 2416 1481 [FEST.

316 1505 444 1575 est,
468 1498 1070 1580 improbatumque,
1102 1504 1171 1562 et
1193 1505 1214 1544 ⁵
1242 1499 1357 1581 qui
1389 1497 1595 1575 dedit,
1630 1497 1940 1583 idemque
1971 1520 2201 1565 rursus
2228 1519 2418 1566 coac-

320 1609 431 1666 tus
462 1608 571 1666 est
605 1602 845 1665 habere
871 1598 964 1678 id,
992 1601 1170 1685 quod
1199 1609 1347 1667 ante
1374 1603 1633 1667 habuit.

227 1704 555 1773 Rediculi
587 1705 808 1768 fanum
828 1711 855 1737 ¹
899 1712 1088 1770 extra
1119 1711 1373 1789 portam
1407 1703 1750 1790 Capenam
1781 1706 1929 1786 fuit,
1961 1708 2117 1792 quia
2146 1707 2419 1789 [PAUL.

319 1809 646 1874 accedens
691 1807 778 1872 ad
822 1809 1052 1873 urbem
1102 1808 1450 1873 Hannibal
1495 1828 1586 1873 ex
1633 1829 1717 1873 eo
1764 1809 1915 1875 loco
1959 1810 2229 1876 redierit
2278 1811 2425 1894 qui·

319 1912 603 1977 busdam
644 1914 1030 1996 perterritus
1060 1912 1255 1978 visis.

1151 2076 1418 2101 OOO'OOO‘O
1424 2079 1509 2100 000

303 2181 328 2227 l
366 2177 446 2229 Id.
470 2194 573 2228 cum
595 2193 784 2229 cassem.
849 2179 946 2228 Vir
960 2179 1099 2229 doct.
1116 2178 1168 2228 in
1192 2194 1352 2244 marg.
1376 2180 1458 2229 ed.
1481 2181 1621 2231 Seal.
1646 2181 1857 2246 conjicit
1880 2196 1984 2231 cum
2004 2196 2058 2231 ea
2078 2197 2130 2231 se
2151 2182 2426 2232 oblectet.—

228 2248 266 2293 2
300 2244 420 2294 Vet.
450 2245 565 2293 cod.
586 2245 640 2293 in
672 2244 875 2294 nectaris
909 2245 1225 2308 lyrisque—8
1260 2245 1354 2293 Vir
1377 2244 1517 2295 doct.
1540 2249 1674 2309 conj.
1696 2247 1909 2297 hostii-is.
1981 2245 2116 2295 Vide
2141 2247 2426 2298 Notum—4

230 2311 377 2360 Dae.
397 2309 669 2375 legendum
693 2317 867 2361 monet
894 2310 1199 2360 Redhibitum
1217 2310 1269 2359 id
1286 2311 1591 2374 propria—5
1627 2312 1721 2361 Vir
1743 2310 1882 2361 doct.
1903 2312 2046 2375 conj.
2065 2311 2129 2360 ei.

1227 2454 1440 2510 NOTAE

231 2588 305 2624 an
329 2572 414 2622 ille
433 2586 514 2622 me
538 2577 708 2623 tentat
731 2572 896 2623 sciens
913 2574 947 2622 ?’
1012 2572 1292 2637 Eleganter

230 2651 429 2701 Accius
481 2649 746 2699 redhostire
793 2649 920 2698 viam
972 2649 1105 2699 dixit
1161 2651 1294 2701 viam

228 2729 429 2776 iterare.
499 2727 636 2776 Nam
678 2725 940 2775 redhostire
983 2726 1107 2775 nihil
1154 2727 1290 2775 aliud

232 2813 318 2853 est
341 2817 491 2868 quam
520 2802 711 2852 iterare
746 2802 881 2867 quod
914 2802 1159 2852 hostitum
1182 2800 1290 2852 fue·

232 2892 338 2934 rat.
375 2884 525 2934 Idem.

303 2969 322 2993 ⁸
353 2961 507 3011 Audis
526 2957 694 3024 atque]
751 2959 921 3022 Lege:
970 2959 1120 3020 Audi,
1156 2964 1296 3023 atque

231 3036 415 3088 auditis
432 3036 762 3085 hostimentum
782 3035 1047 3098 adjungito.
1083 3036 1249 3085 Idem.

302 3116 319 3147 ‘
358 3114 464 3163 Nisi
505 3113 688 3162 coiit-ceo
728 3113 1085 3177 protervitates]
1142 3112 1299 3162 Hune

231 3190 455 3241 Pacuvii
481 3204 687 3239 versum
712 3189 890 3239 laudat
912 3191 1070 3239 etiam
1098 3191 1299 3241 Nonius

234 3267 291 3315 in
306 3268 322 3295 ‘
336 3266 564 3329 hostire,'
577 3264 710 3331 quod
728 3267 1103 3329 interpretatur
1128 3267 1143 3294 ⁸
1162 3281 1298 3316 com-

236 3343 502 3408 primere‚’
552 3340 912 3392 ‘retundere.'
998 3341 1102 3392 Sed
1160 3343 1297 3408 apud

235 3422 381 3471 illum
398 3420 609 3483 legitur:
624 3420 737 3467 Nisi
751 3419 996 3467 coercuero
1010 3421 1297 3481 protervita-

234 3503 353 3548 tem.
419 3497 608 3547 Melius
634 3510 698 3544 ex
722 3495 984 3558 utrisque:
1022 3495 1134 3544 Nisi
1168 3497 1295 3545 eoe‘r-

232 3591 317 3626 σεο
350 3574 709 3640 protervitatem
730 3577 869 3636 atque
885 3572 1035 3621 hostio
1055 3573 1294 3629 ferociam.

236 3651 411 3701 Idem.

259 3785 266 3790 ι
304 3725 331 3761 “’
364 3725 650 3777 Redhibitur
671 3731 769 3776 tum
789 3725 865 3791 id]
919 3727 1073 3790 Lege,
1119 3727 1299 3776 Rediti-

238 3804 391 3854 bition
427 3804 480 3852 id
504 3802 696 3867 proprie
727 3802 924 3859 dicitur,
958 3804 1040 3864 ⁸5⁶·
1107 3802 1298 3853 Redbi·

240 3881 370 3932 bere
392 3892 499 3928 rem
523 3879 785 3929 venditam
820 3876 1059 3928 venditor
1090 3878 1301 3942 dicitnr,

238 3971 361 4008 cum
394 3955 658 4005 reddendo
679 3956 935 4019 pretium,
964 3969 1078 4005 eam
1113 3955 1303 4019 recipit

239 4035 392 4099 enjus
418 4032 543 4082 vitia
577 4033 627 4081 in
665 4032 961 4081 venditione
997 4047 1100 4083 non
1133 4033 1303 4097 prodi·

239 4112 340 4162 dit.
407 4110 585 4159 Plaut.
613 4108 962 4160 ‘Mercatorez
1021 4109 1118 4160 ‘C.
1161 4110 1300 4161 Quid

241 4191 288 4240 si
359 4187 610 4238 reddatur
640 4184 738 4235 'illi
800 4184 936 4236 unde
997 4196 1135 4238 emta
1186 4189 1305 4239 est?

239 4269 317 4319 D.
365 4264 584 4317 Minime
636 4263 884 4328 gentium.
953 4263 1014 4314 C.
1067 4266 1202 4317 dixit
1245 4281 1302 4317 se

244 4342 520 4397 redhibere
575 4341 618 4391 si
681 4354 781 4390 non
838 4341 1080 4404 placeat?
1165 4342 1305 4394 Hine

1371 2581 1386 2604 ⁸
1408 2574 1747 2626 redhibitoria
1770 2575 1935 2625 actio'
1968 2590 2083 2641 quae
2119 2575 2308 2626 emtori
2342 2574 2432 2625 ad·

1373 2665 1552 2701 versus
1596 2654 1914 2702 venditorem
1951 2651 2125 2711 datur,
2148 2658 2205 2702 ut
2238 2651 2433 2702 manci-

1372 2728 1510 2793 pium
1536 2728 1830 2789 redhibeat,
1852 2727 1904 2777 id
1929 2734 2029 2792 est,
2053 2727 2289 2792 recipiat,
2313 2741 2430 2792 pre-

1374 2806 1607 2870 tiumque
1633 2813 1905 2870 acceptum
1930 2805 2180 2856 restituat.
2250 2804 2434 2854 Rediti-

1374 2882 1480 2933 bere
1503 2883 1666 2946 igitur
1686 2897 1715 2931 a
1738 2897 1809 2943 re,
1832 2881 1882 2931 id
1919 2887 2018 2944 est,
2040 2881 2250 2944 iterum,
2270 2889 2325 2932 et
2346 2881 2431 2931 ho-

1377 2959 1500 3023 bere,
1539 2961 1659 3025 quia
1706 2960 1945 3008 venditor
1990 2959 2177 3007 iterum
2221 2958 2433 3020 babeat,

1377 3039 1477 3085 διο.
1547 3035 1677 3085 Inde
1701 3035 1877 3085 Gloss.
1899 3036 1915 3063 ⁸
1939 3033 2202 3091 redibitio,
2225 3034 2428 3084 ἀνταπό-

1378 3113 1541 3169 δοσις.’
1562 3116 1577 3141 ⁴
1604 3105 2181 3176 redigit,&va1tapfi‹tm.’
2196 3113 2309 3176 lege
2327 3113 2436 3160 red-

1379 3189 1515 3240 hibit.
1548 3189 1713 3240 Idem.
2070 3179 2080 3186 ⁵

1439 3274 1466 3300 ¹
1505 3268 1719 3317 Rediculi
1749 3266 1949 3330 sanum]
2015 3266 2257 3316 Secundo
2297 3265 2437 3316 bello

1380 3345 1602 3405 Punico,
1627 3360 1742 3395 cum
1768 3344 2026 3394 Hannibal
2061 3352 2219 3394 noctu
2242 3343 2307 3392 ob
2332 3343 2435 3391 Ro·

1378 3437 1510 3471 mam
1548 3422 1775 3485 legiones
1798 3420 2036 3482 duceret,
2073 3428 2244 3469 tantus
2268 3425 2439 3487 terror

1376 3513 1443 3549 ex
1489 3498 1792 3563 quibusdam
1841 3495 2277 3547 terriculamentis
2320 3508 2437 3543 eum

1375 3577 1584 3639 invasit,
1608 3582 1667 3623 ut
1702 3573 1823 3623 inde
1850 3587 1905 3622 re
1928 3569 2128 3621 infecta
2151 3571 2335 3634 pedem
2358 3584 2437 3620 re-

1377 3651 1554 3701 tulerit
1572 3668 1586 3698 ι
1612 3665 1713 3714 quo
1731 3647 1871 3698 facto
1887 3646 2061 3696 fanum
2079 3647 2149 3695 ibi
2167 3661 2440 3697 eonsecra-

1380 3737 1509 3784 tum,
1534 3734 1587 3776 et
1610 3728 1673 3775 nb
1711 3734 1902 3775 eventu
1924 3725 2183 3775 recticulum
2209 3725 2441 3788 appella-

1380 3811 1508 3854 tum.
1579 3804 1751 3853 Deum
1798 3815 1921 3851 vero
1975 3801 2056 3850 eui
2112 3801 2209 3852 hoc
2261 3799 2438 3852 fanum

1379 3887 1733 3929 consecratum
1777 3877 1878 3928 fuit
1924 3880 2161 3929 Tutanum
2204 3879 2433 3943 appelln-

1382 3963 1521 4007 runt.
1583 3958 1734 4005 Varr.
1759 3955 1807 4005 in
1831 3957 2019 4020 Satyra
2040 3969 2190 4020 qnam
2222 3954 2443 4021 inscrip-

1382 4040 1524 4084 serat
1544 4041 1557 4062 ‘
1578 4033 1832 4083 Hercules
1847 4040 1985 4082 tuam
2003 4031 2157 4082 fidem
2181 4031 2211 4080 ε’
2234 4034 2249 4062 ‘
2265 4034 2441 4083 Noctu

1382 4110 1653 4160 Annibalis
1674 4110 1793 4159 cum
1817 4108 1989 4174 fugavi
2012 4109 2321 4175 exercitum,
2343 4110 2444 4160 Tu·

1383 4195 1532 4238 tanus
1566 4186 1682 4250 boe,
1701 4186 1920 4237 Tutanu'
1944 4187 2121 4237 Romoe
2155 4201 2444 4252 nuncupor,

1383 4263 1501 4314 Hoc
1521 4269 1749 4327 propter,
1765 4278 1962 4328 omnes,
1986 4264 2071 4329 qni
2096 4263 2351 4330 laborant,
2368 4264 2441 4313 in-

1387 4339 1608 4393 vocant!
1651 4341 1800 4392 idem.
