3020 4853
2264 394 2393 460 661

213 552 506 638 Propius
533 535 857 618 sobrinom
908 554 1066 618 mibi
1097 559 1202 618 est
1232 554 1616 619 consobrini
1663 553 1792 619 mei
1823 552 2026 630 filius,
2062 559 2129 618 et
2160 572 2394 619 conso·

297 657 503 722 brinae
531 677 701 722 meae
730 656 947 734 filia‚¹0
993 664 1062 722 et
1105 657 1316 741 patris
1367 656 1499 721 mei
1546 656 2013 734 consobrinus,
2045 661 2113 720 et
2159 658 2391 722 matris

300 779 469 824 meae
500 759 954 826 consobrinus.

211 862 509 946 Propius
540 864 805 928 sobrino
835 862 996 928 mihi
1027 869 1133 928 est
1162 863 1541 928 consobrini
1581 863 1714 928 mei
1755 861 1954 939 filius,
1996 868 2067 925 et
2121 861 2391 939 [PAUL.

300 968 508 1048 patris
538 966 670 1031 mei
703 967 1156 1031 consobrinuS.

208 1066 640 1150 Propriassit‚
671 1070 1012 1152 proprium
1042 1070 1301 1134 fecerit.

207 1168 500 1254 Propter
528 1173 704 1237 viam
721 1180 748 1206 ¹¹
774 1172 849 1236 fit
870 1172 1291 1250 sacrificium,
1318 1172 1495 1257 quod
1519 1179 1622 1236 est
1645 1169 2113 1255 proficiscendi
2142 1170 2391 1253 [Fsss‘r.

301 1276 529 1356 gratia,
562 1275 861 1354 Herculi,
894 1280 1008 1341 aut
1035 1275 1333 1353 Sanco,¹¹
1362 1276 1478 1359 qui
1517 1275 1778 1341 scilicet
1804 1273 1977 1339 idem
2009 1282 2117 1338 est
2144 1273 2352 1338 Deus.

472 409 568 458 ΠΒ
614 407 1026 458 VERBORUM
1076 405 1697 457 slomch'rloNB
1747 408 1892 456 mn.
1939 407 2103 456 x1v.

1109 1456 1472 1478 meoet&

286 1579 344 1624 10
375 1573 456 1624 ld.
480 1573 602 1623 ibid.
621 1573 905 1638 filium—U
940 1571 1020 1622 ld.
1043 1571 1170 1622 ibid.
1194 1571 1371 1634 Sango.

1188 1727 1407 1779 No'rAE

203 1845 291 1894 sic
314 1845 449 1907 apud
470 1845 703 1894 Gentiles
741 1843 868 1893 ‹licti
905 1843 1164 1893 antistites
1186 1840 1260 1891 fs·
1343 1843 1409 1893 ub
1432 1857 1494 1893 eo
1518 1842 1810 1893 consobrini
1846 1842 2236 1893 consobrinaeve
2257 1843 2391 1893 filius

201 1935 391 1971 norum
424 1929 479 1970 et
512 1922 830 1971 oraculorum
854 1920 1186 1983 interpretes,
1207 1925 1263 1967 et
1341 1919 1449 1970 filia
1495 1919 1819 1970 nominatur!
1883 1921 2020 1969 Item
2058 1920 2208 1984 paulo
2243 1929 2393 1985 posta

202 1998 474 2063 praecipue
517 1996 817 2047 sacerdotes
873 1996 1099 2061 AEgyptii
1147 1996 1262 2044 Mu·

202 2076 359 2134 crob.
403 2075 495 2125 lib.
534 2089 635 2125 vn.
666 2075 774 2124 Sat.
816 2090 932 2138 cap.
971 2078 1046 2125 18.
1079 2072 1264 2123 ‘Adeo

203 2166 408 2213 verum,
432 2153 504 2203 ita
526 2159 585 2201 ut
603 2151 732 2201 dieis
752 2151 1023 2215 AEgyptios
1046 2150 1266 2214 opinari,

202 2237 276 2279 ιιι
311 2244 405 2293 ego
437 2229 730 2279 sacerdotes
767 2243 961 2291 eorum,
987 2243 1114 2292 quos
1151 2242 1267 2289 pro-

201 2308 395 2370 phetas
418 2312 626 2367 vocant,
659 2320 773 2355 cum
812 2305 863 2354 in
895 2305 1089 2368 templo
1114 2304 1266 2354 vidis-

203 2382 360 2434 sem.’
425 2381 577 2431 Unde
599 2389 654 2432 et
671 2379 949 2432 Antinoum
975 2382 1026 2431 in
1050 2381 1263 2431 Antino-

199 2459 317 2525 poli
342 2459 546 2524 AEgypti
569 2459 697 2509 urbe
726 2460 1002 2523 prophetes
1024 2457 1265 2508 habuisse

199 2538 445 2600 legimus,
488 2536 597 2597 nbi,
642 2536 908 2601 prophetae
952 2535 1075 2584 nihil
1125 2534 1264 2585 aliud

199 2620 328 2664 sunt
349 2628 499 2678 quam
522 2613 853 2673 secerdotes;
888 2620 948 2662 ut
971 2612 1082 2661 vice
1118 2626 1264 2662 versa

200 2693 267 2741 in
286 2691 375 2740 illo
390 2691 595 2755 Virgilii
612 2704 685 2741 vr.
710 2688 912 2740 AEueid.
929 2688 993 2739 de
1016 2690 1261 2752 Orpheo:

198 2776 218 2797 ⁴
250 2767 467 2817 Necnon
493 2765 757 2817 Threicius
786 2766 938 2829 longa
970 2780 1085 2815 cum
1122 2776 1265 2815 veste

197 2841 486 2894 sacerdos!
550 2841 820 2904 Sacerdos,
854 2840 904 2891 id
929 2849 1029 2903 est,
1044 2840 1264 2905 propbe-

200 2927 287 2975 tu,
321 2918 409 2984 qui
445 2924 500 2969 et
533 2918 647 2983 ipse
682 2918 807 2968 nibil
837 2918 975 2969 uliud
1000 2926 1082 2968 est
1113 2932 1264 2985 qnam

199 2994 385 3060 poete.
419 2996 544 3045 Dae.

297 3078 334 3103 ¹¹²
381 3072 586 3135 Propius
651 3069 862 3133 sobrino]
925 3070 1266 3135 'Frequentior

199 3161 331 3199 usus
360 3148 839 3212 jurisconsultorum
864 3147 1026 3211 putris
1054 3147 1133 3197 vel
1158 3163 1265 3197 mu·

199 3226 302 3276 tris
327 3224 683 3275 consobrinum
714 3225 788 3274 ite
815 3224 1062 3288 appellat.
1128 3224 1266 3274 Vide

199 3302 412 3363 Caium,
433 3308 487 3351 et
509 3300 725 3351 Paulum
749 3300 839 3351 lib.
864 3312 1115 3350 xxxvnr.
1169 3300 1266 3350 Di·

198 3386 347 3444 gest.
370 3380 454 3429 tit.
475 3378 541 3428 de
564 3378 826 3442 gradibus.
861 3376 978 3427 Aac.
1005 3379 1135 3438 Aug.

270 3454 482 3519 Propius
510 3453 720 3517 cobrin]
774 3453 931 3503 Caius
970 3453 1061 3502 lib.
1101 3468 1140 3504 r.
1194 3454 1263 3505 D.

197 3535 272 3586 de
297 3533 449 3598 grad.
482 3540 538 3582 et
572 3532 729 3583 odfin.
761 3535 778 3563 ⁸
797 3531 1019 3596 Ptopior
1039 3532 1267 3594 sobrino,

197 3611 423 3677 propior
457 3609 662 3660 sobrina
698 3618 834 3674 suut,
873 3611 1044 3674 patrui
1079 3613 1268 3676 magni,

194 3688 381 3741 umitae
418 3700 642 3750 magua,
672 3686 911 3736 avuncuii
946 3687 1138 3750 magni,
1162 3701 1264 3736 ms·

193 3774 424 3817 terterae
468 3777 668 3828 mugnae
703 3762 836 3813 filius
863 3761 1004 3812 mis!
1072 3763 1263 3812 Paulus

190 3843 297 3896 lib.
340 3855 399 3891 ι.
439 3840 547 3903 §9.
597 3841 671 3890 D.
709 3839 775 3889 de
809 3838 952 3903 grad.
983 3838 1261 3889 ‘Persona

193 3934 335 3987 ques
367 3918 776 3969 enumeravimus
816 3932 847 3966 ι
882 3916 1053 3981 putrui
1093 3916 1263 3979 magni

191 3995 408 4058 filio,ei.
425 3993 492 4044 de
513 3992 658 4057 cnjus
679 3994 983 4057 cognatione
999 3993 1261 4057 queritur,

190 4072 423 4139 propius
443 4069 662 4120 sobrinis
695 4077 958 4119 vocantur.
1015 4069 1170 4130 Nam,
1204 4079 1263 4119 ut

190 4149 489 4200 Massurius
534 4146 628 4211 eit,
669 4160 820 4211 quem
870 4148 984 4210 quis
1034 4148 1263 4211 appellat

192 4225 502 4293 propiorem
529 4223 755 4280 sobrino,
772 4222 856 4287 qui
874 4228 953 4271 est
976 4224 1137 4286 petris
1158 4239 1260 4274 me·

195 4303 367 4353 trisve
412 4299 754 4351 consobrinus
796 4304 883 4347 arnt
935 4299 1262 4363 consobrina,

1345 2000 1360 2025 ‘
1378 1998 1472 2048 His
1492 1999 1744 2054 omnibus,
1767 1998 1901 2063 qnod
1927 2013 1957 2046 a
1975 2006 2177 2062 patrum
2202 2007 2394 2062 nepote

1343 2076 1720 2139 proposuimus,
1742 2075 1806 2141 is,
1826 2076 1891 2125 de
1910 2076 2059 2140 cujus
2081 2076 2393 2140 cognatione

1343 2152 1609 2215 quaeritur,
1642 2151 1852 2214 propius
1884 2150 2094 2201 sobrino
2126 2158 2240 2200 est:
2278 2165 2396 2200 nem

1344 2227 1505 2289 patris
1543 2229 1626 2275 vel
1658 2226 1836 2277 metris
1860 2240 2036 2277 eorum
2059 2227 2395 2278 consobrinus

1345 2302 1464 2353 est.’
1496 2304 1621 2352 Duc.

1405 2386 1430 2413 ¹
1467 2377 1666 2444 Propter
1679 2378 1828 2444 viam]
1851 2379 2119 2430 videndus
2137 2379 2280 2431 locus
2298 2380 2397 2432 Cs-

1343 2458 1478 2509 tonis
1514 2458 1649 2522 apud
1674 2456 1911 2508 Muerob.
1934 2457 2026 2508 lib.
2047 2470 2132 2506 ιιι.
2185 2457 2394 2506 Seturn.

1342 2536 1408 2587 de
1443 2551 1524 2599 eo,
1556 2535 1644 2600 qui
1682 2535 1815 2585 bons
1852 2548 1942 2583 sua
1976 2531 2303 2602 comedisset,
2341 2541 2398 2583 et

1342 2612 1569 2675 domum,
1590 2628 1703 2678 quoe
1720 2611 1818 2661 sibi
1843 2610 2043 2676 reliqua
2067 2615 2200 2673 erut,
2222 2609 2397 2660 incen-

1341 2689 1427 2739 dio
1468 2689 1748 2739 amisisset:
1785 2688 1801 2716 ‘
1823 2701 1938 2735 eum
1975 2685 2111 2735 euim
2156 2693 2397 2750 propter·

1310 2766 1474 2817 ,viam
1513 2765 1702 2817 fecisse
1745 2762 1990 2814 dicebat?
2050 2762 2114 2812 In
2158 2775 2220 2812 eo
2260 2761 2396 2812 enim

1341 2844 1596 2895 sacrificio
1619 2858 1727 2893 mos
1750 2839 1870 2901 fuit,
1888 2847 1947 2889 ut
1971 2839 2012 2890 si
2033 2837 2155 2904 quid
2180 2853 2245 2888 ex
2268 2854 2396 2904 epu-

1339 2921 1402 2971 lis
1437 2918 1801 2984 superfuisset,
1832 2918 1952 2979 igne
1988 2923 2398 2967 consumeretur.

1339 2996 1444 3048 Sed
1488 2995 1594 3044 illie
1637 3009 1668 3043 ι
1704 2992 1976 3043 Macrobio
2015 2992 2277 3057 protervis
2305 3006 2398 3056 ep·

1339 3075 1585 3139 pellatur.
1616 3070 1703 3121 Sic
1726 3068 1972 3119 Laberius
1987 3068 2123 3133 opud
2145 3068 2398 3119 Nonium:

1341 3153 1358 3179 ⁸
1376 3150 1532 3198 Visus
1554 3162 1615 3197 ac
1635 3155 1789 3196 nocte
1805 3144 2029 3194 bidentis
2047 3145 2398 3209 propterviam

1341 3223 1553 3277 fucere!
1583 3225 1702 3277 Ant.
1721 3222 1851 3285 Διις.

1408 3305 1615 3366 Propter
1650 3300 1798 3364 υιάηι]
1833 3299 1914 3348 De
1953 3299 2054 3349 boc
2088 3299 2214 3350 setis
2256 3299 2398 3349 aiibi.

1340 3381 1530 3431 Fiebnt
1565 3387 1735 3429 eutem
1782 3376 2031 3427 Herculi:
2074 3376 2211 3440 apud
2249 3377 2399 3440 cujus

1339 3474 1479 3509 erum
1501 3457 1690 3518 omnis,
1713 3469 1828 3520 qum
1865 3453 2289 3519 profanabantur,
2312 3453 2398 3503 ab·

1342 3535 1473 3586 sumi
1496 3547 1708 3584 necesse
1733 3539 1865 3586 erat.
1890 3538 1946 3578 nt
1969 3544 2126 3593 supra
2148 3530 2199 3579 in
2233 3530 2249 3558 ‘
2268 3529 2399 3579 Por·

1340 3615 1505 3665 ricere
1525 3611 1540 3633 ¹
1574 3611 1813 3661 vidimus.
1858 3608 1994 3657 Nam
2019 3605 2286 3656 ridiculum
2310 3621 2402 3670 pu.

1341 3695 1454 3739 tere
1487 3689 1542 3737 in
1576 3683 1833 3736 sacrificio
1865 3691 2083 3746 propter
2114 3681 2246 3731 viem
2286 3690 2400 3730 tun·

1343 3772 1451 3814 tum
1497 3761 1551 3812 id
1594 3761 1746 3821 fieri3
1779 3771 1895 3809 cum
1936 3756 2141 3821 epulum
2182 3764 2399 3821 propter

1344 3841 1476 3890 viem
1513 3837 1818 3903 profanetur
1852 3834 2088 3899 Herculi,
2121 3840 2178 3884 et
2211 3835 2410 3899 omnia,

1345 3928 1680 3982 quaecumque
1718 3910 1936 3962 Herculi
1968 3909 2399 3976 profanabuntur,

1343 3991 1573 4044 consumi
1609 4003 1823 4039 necesse
1861 3994 1992 4037 eret.
2054 3988 2189 4038 Vide
2207 3988 2400 4040 Varro-

1343 4070 1422 4119 nis
1443 4067 1620 4130 verbn,
1653 4080 1767 4131 qnae
1798 4065 2023 4128 snpruin
2058 4064 2074 4092 ‘
2094 4064 2401 4117 Porricere’

1344 4146 1668 4197 adduximus.
1701 4141 1953 4195 Jamswl.

1410 4225 1613 4286 Propter
1649 4219 1799 4283 vium]
1846 4220 2078 4282 Peregre
2118 4216 2399 4283 profecturi

1344 4301 1563 4352 Herculi
1598 4297 1960 4349 sacrificabunt
1990 4296 2044 4348 in
2080 4297 2252 4347 culina
2280 4310 2399 4361 qun
