3020 4853
1238 348 1655 399 PRAEFATlO.
2453 339 2539 404 13

354 510 796 595 antiquitatis,
824 530 911 576 ex
958 512 1496 596 locupletissima
1539 514 1947 581 bibliotheca
1990 517 2391 601 amplissimi
2417 521 2543 585 viri

354 613 659 680 Rainutii
691 615 992 681 Farnesii
1025 614 1431 698 Cardinalis,
1465 620 1571 685 cui
1613 626 1884 705 propter
1913 621 2307 704 singularem
2339 622 2545 689 bona-

349 737 495 782 rum
525 717 864 784 literarum
909 739 1225 802 amorem,
1254 723 1723 809 ingeniumque
1770 724 2191 810 praeclarum,
2223 733 2425 811 atque
2468 728 2537 792 in

350 827 632 906 utraque
659 822 888 906 lingua
917 823 1250 891 maximos
1281 846 1703 910 progressuS,
1736 833 1803 892 et
1845 848 1978 893 non
2018 829 2359 912 vulgarem
2387 849 2537 895 eru-

348 925 698 1004 ditionem,
726 947 769 992 a
800 926 1136 1006 Michaele
1166 929 1382 996 Silvio
1414 930 1760 997 Cardinali
1793 952 1885 996 ex
1913 938 2316 999 testamento
2344 935 2537 1000 relic·

348 1034 485 1095 tum
515 1038 647 1095 est.
734 1028 813 1093 In
856 1030 979 1095 hac
1014 1030 1309 1099 editione
1338 1038 1630 1100 mutatus
1661 1040 1765 1099 est
1794 1035 2138 1100 verborum
2171 1035 2333 1102 ordo
2364 1036 2536 1102 Ver-

343 1132 451 1211 rii,
483 1131 697 1211 Festi,
729 1138 796 1199 et
826 1133 1069 1200 Pauli:
1139 1144 1215 1200 ut
1248 1135 1457 1201 lector
1485 1136 1779 1214 facilius,
1812 1136 1974 1222 quid
2027 1137 2107 1203 de
2152 1158 2417 1225 quaque
2462 1162 2532 1205 re

344 1236 665 1319 scriptum
693 1237 801 1316 sit,
828 1238 1140 1320 reperiat.
1204 1236 1385 1303 Nam
1411 1237 1720 1314 VetereS,
1749 1242 1983 1306 nescio
2008 1259 2144 1326 quo
2176 1241 2372 1306 modo
2402 1243 2534 1327 pri-

342 1358 519 1404 mam
551 1338 814 1405 literam
844 1340 1178 1406 indicasse
1211 1342 1530 1419 contenti,
1562 1344 1784 1408 omnia
1814 1343 2013 1407 verba
2043 1343 2127 1407 ab
2158 1342 2388 1408 eadem
2434 1347 2533 1408 in-

344 1443 589 1508 choata
619 1443 689 1507 in
714 1462 918 1508 unum
952 1443 1179 1508 locum
1204 1444 1666 1516 conferebant:
1717 1447 1923 1511 nostri
1955 1445 2199 1509 melius
2229 1446 2532 1513 omnibus

342 1546 621 1632 syllabis
668 1547 969 1613 ordinem
1020 1548 1460 1614 adhibuerunt
1496 1548 1874 1614 literarum:
1951 1549 2051 1614 ita
2092 1548 2294 1614 facile
2333 1550 2533 1615 verba

340 1652 680 1736 reperies3
727 1671 883 1736 quae
919 1659 1137 1717 tamen
1168 1653 1227 1717 si
1259 1652 1480 1717 obiter
1505 1650 1687 1717 dicta
1718 1653 1872 1730 sint,
1901 1661 2155 1737 praesto
2187 1653 2317 1717 erit
2345 1673 2530 1737 quae·

339 1756 505 1821 renti
534 1755 737 1821 index
766 1756 983 1821 obiter
1009 1756 1357 1822 dictorum.
1401 1756 1672 1822 Divisio
1704 1757 2022 1821 librorum
2056 1755 2245 1820 Festi
2278 1757 2529 1824 omissa

337 1867 464 1935 est,
506 1864 856 1944 propterea
899 1859 1080 1945 quod
1127 1879 1232 1939 ea,
1263 1879 1463 1944 quam
1507 1857 1730 1925 Aldus
1776 1858 2094 1934 confecit,
2126 1867 2203 1922 ut
2247 1858 2530 1941 singulae

337 1961 549 2027 literae
575 1963 781 2028 libros
808 1963 1110 2046 singulos
1141 1964 1551 2042 contineant,
1586 1963 1772 2029 Festi
1799 1983 1937 2027 non
1965 1971 2069 2029 est
2092 1983 2108 2028 z
2156 1981 2308 2026 nam
2332 1962 2398 2026 in
2425 1963 2529 2028 his

334 2065 640 2151 pagellis,
660 2085 832 2150 quas
859 2066 1236 2143 habuimus,
1262 2066 1433 2132 liber
1461 2083 1689 2131 xvnn.
1722 2074 1793 2132 et
1820 2066 1990 2131 liber
2008 2081 2183 2129 xlx.
2214 2066 2282 2129 in
2313 2065 2528 2131 medio

333 2170 713 2248 verborum,
764 2190 918 2255 quae
963 2170 1049 2234 ab
1097 2169 1164 2234 R.
1208 2180 1276 2235 et
1319 2169 1368 2234 S
1416 2169 1831 2247 inchoantur,
1880 2169 2230 2254 incipiunt.
2321 2169 2528 2234 Initio

335 2292 493 2338 vero
524 2270 587 2336 0
618 2273 826 2339 literae
876 2272 1046 2338 liber
1077 2289 1240 2338 xvr.
1284 2279 1355 2338 et
1396 2272 1590 2338 initio
1619 2270 1682 2351 Q
1725 2273 1888 2338 liber
1935 2287 2129 2336 xvn.
2175 2272 2529 2356 incipiunt,

336 2382 406 2443 ut
433 2395 524 2443 ex
560 2376 968 2465 quibusdam
1011 2376 1357 2444 literarum
1403 2376 1711 2460 vestigiis
1756 2394 2112 2460 agnoscere
2161 2375 2525 2460 potuimuS.

335 2478 585 2560 Verba,
617 2500 899 2566 quorum
928 2482 1190 2547 initium
1214 2487 1320 2546 est
1348 2481 1408 2546 P
1431 2482 1646 2559 litera,
1670 2480 2002 2545 credimus
2035 2480 2101 2544 in
2125 2479 2295 2544 duos
2321 2480 2527 2545 libros

329 2580 548 2649 fuisse
575 2585 818 2650 divisa.
905 2584 1238 2650 Ultimum
1273 2584 1517 2649 librum
1549 2591 1700 2648 ante
1740 2583 1934 2647 finem
1966 2581 2030 2647 T
2053 2583 2264 2648 literae
2296 2582 2528 2648 incho-

330 2706 491 2753 asse
537 2688 956 2754 arbitramur.
1045 2688 1158 2755 Ita
1181 2696 1338 2754 ante
1368 2687 1430 2752 Ο
1461 2688 1721 2753 literam
1751 2687 1908 2752 libri
1938 2703 2113 2752 xm.
2155 2686 2240 2750 ab
2272 2706 2355 2751 ea
2382 2687 2528 2752 lite-

328 2810 405 2856 ra
431 2791 521 2856 ad
553 2798 927 2858 extremum
954 2792 1109 2858 libri
1139 2798 1422 2878 septem.
1510 2791 1648 2857 Sed
1682 2798 1754 2856 et
1785 2790 2177 2856 Macrobius
2205 2790 2375 2855 libro
2409 2807 2522 2858 ιιι.

327 2893 553 2972 refert,
586 2894 859 2960 Festum
896 2895 1251 2979 scripsisse
1297 2896 1413 2961 lib.
1456 2912 1634 2959 xm.
1678 2894 1764 2959 de
1794 2894 2151 2958 verborum
2190 2893 2525 2976 significa-

329 2997 669 3063 tionibus:
716 2999 875 3066 Mos
907 3007 1013 3064 est
1041 3000 1407 3066 institutum
1439 3000 1756 3084 patrium,
1787 3000 1910 3061 διο.
2002 2996 2177 3060 Haec
2222 2996 2383 3078 quia
2426 2999 2523 3061 ni-

329 3101 459 3166 mis
510 3101 763 3167 incerta
811 3108 986 3181 sunt,
1043 3107 1109 3167 et
1166 3103 1388 3167 minus
1443 3102 1659 3180 utilia,
1721 3099 2297 3185 praetermisimus.
2387 3100 2522 3166 Sed

331 3205 490 3289 quia
532 3203 622 3269 ad
665 3223 905 3269 manus
950 3213 1215 3270 nostras
1242 3225 1371 3271 non
1402 3209 1841 3290 pervenerunt
1869 3202 2096 3266 omnia
2127 3202 2319 3267 Festi
2348 3202 2522 3288 frag-

328 3315 569 3385 menta,
602 3311 830 3372 notam
861 3307 1246 3372 addidimus
1291 3308 1400 3387 iis,
1426 3327 1579 3393 quae
1609 3307 1799 3371 Festi
1828 3325 1979 3370 esse
2011 3306 2520 3388 arbitrabamur,

331 3409 416 3475 ad
448 3429 538 3476 ea
564 3427 747 3488 vero,
780 3428 937 3493 quae
968 3411 1221 3475 scimus
1266 3409 1418 3495 ejus
1464 3429 1638 3488 esse,
1683 3427 2047 3490 cognomen
2082 3407 2230 3491 ejus
2263 3411 2520 3493 ascrip-

328 3514 559 3579 simus.
671 3511 1071 3596 Reperietur
1100 3512 1229 3578 boc
1272 3512 1342 3576 in
1384 3511 1486 3592 M,
1519 3510 1606 3591 Ο,
1638 3510 1721 3589 P,
1752 3509 1839 3588 T,
1869 3508 1935 3574 V
1965 3509 2206 3574 literiS.
2299 3509 2399 3574 Ea
2430 3532 2520 3575 ex

328 3613 494 3682 Aldi
522 3621 592 3681 et
620 3613 835 3680 Masei
862 3615 1052 3681 libris
1081 3616 1482 3682 sumsimus:
1529 3616 1600 3680 in
1633 3614 1883 3700 quibus
1913 3613 2161 3696 poterit
2203 3613 2350 3678 baec
2379 3613 2522 3680 edi-

329 3719 424 3786 tio
463 3720 554 3784 ab
602 3718 707 3794 iis,
743 3717 860 3801 qui
903 3737 1022 3783 cas
1073 3719 1372 3802 pagellas
1410 3717 1682 3795 babent,
1722 3715 2130 3781 emendatior
2177 3715 2341 3780 fieri.
2430 3718 2521 3781 Et

330 3821 648 3906 quoniam
686 3817 958 3886 Verrius
1004 3820 1294 3886 Flaccus
1325 3821 1576 3905 primus
1618 3818 1819 3903 hujus
1863 3817 2089 3902 operis
2119 3821 2348 3882 auctor
2379 3817 2520 3896 fuit,

332 3943 778 4010 quaecumque
806 3923 950 4008 ejus
978 3944 1186 4010 opera
1214 3930 1474 4004 extant,
1504 3942 1797 4010 quaeque
1823 3922 1905 3987 de
1943 3940 2027 3986 eo
2055 3921 2141 3985 ab
2175 3920 2328 3986 aliis
2359 3921 2519 3988 rese-

335 4037 580 4109 rantur,
623 4030 819 4095 initio
850 4028 1353 4095 collocavimus.
1982 4052 1989 4059 ·
