3020 4853
549 367 679 444 392

1244 378 1468 427 SEXTI
1521 378 1828 427 Pontum
1883 378 2091 428 FES‘H

637 526 775 593 deri
823 526 1155 613 adjicitur,
1208 524 1325 590 sed
1380 526 1693 604 deteriuS,
1737 531 1804 591 et
1844 526 2027 610 quod
2071 525 2215 590 sine
2262 525 2405 591 ullo
2451 545 2577 591 usu
2620 531 2728 592 est.

638 631 978 697 Lucilius:
1028 630 1326 695 Mantisa
1358 630 1640 694 obsonia
1672 630 1900 695 vincit.

554 735 942 810 Manubiae⁰
991 732 1036 798 J
1043 733 1193 798 ovis
1226 741 1361 797 tres
1402 732 1783 798 dicuntur¹¹
1834 752 2029 798 esse:
2082 752 2368 818 quarum
2395 753 2552 799 unae
2586 741 2733 798 sunt

632 839 949 914 minimae,
998 858 1154 921 quae
1196 845 1514 902 moneant
1555 836 1985 923 placidaeque
2039 839 2216 904 sint:
2270 836 2531 913 alterae,
2591 856 2733 921 quat

637 942 926 1027 majores
988 948 1161 1018 sunt,
1225 960 1304 1005 ac
1351 941 1622 1006 veniant
1671 933 1822 1007 cum
1887 940 2172 1026 fragore,
2245 940 2735 1023 discutiantque

641 1053 757 1114 aut
783 1044 1128 1122 divellant,
1160 1065 1315 1129 quae
1346 1065 1388 1108 a
1418 1044 1598 1109 Jove
1628 1044 1784 1123 sint,
1811 1053 1877 1111 et
1907 1046 2188 1111 consilio
2222 1043 2523 1110 Deorum
2572 1042 2735 1106 mitti

637 1149 1146 1214 existimentur:
1205 1150 1414 1215 tertiae
1467 1149 1573 1213 his
1629 1149 2010 1233 amplioreS,
2042 1169 2194 1232 quae
2246 1167 2398 1224 cum
2447 1148 2600 1229 igne
2640 1164 2738 1208 ve-

608 1252 866 1331 ‚niant3
894 1258 965 1315 et
991 1270 1376 1337 quanquam
1401 1252 1658 1316 nullum
1688 1253 1834 1316 sine
1864 1253 2013 1336 igne
2046 1252 2263 1338 fulgur
2292 1258 2426 1331 est,
2457 1250 2565 1317 hae
2598 1268 2739 1334 pro-

1466 1437 1524 1456 u
1531 1435 1829 1457 ‘aeonem

619 1553 678 1598 11
715 1548 937 1600 Quidam
962 1549 1047 1600 lib.
1067 1553 1351 1603 creduntur:
1400 1559 1454 1602 et
1477 1567 1598 1603 mox
1615 1554 1906 1618 placctaeqae
1930 1566 2023 1616 pro
2046 1551 2352 1618 placidaque.

1542 1720 1589 1769 N
1599 1718 1763 1769 0¹1·AE

551 1829 693 1895 quod
710 1830 775 1879 ad
800 1831 1000 1894 pondus
1023 1835 1273 1896 exigitur:
1308 1840 1366 1884 nt
1381 1834 1449 1884 sit
1467 1848 1610 1885 man-

554 1907 653 1955 tiaa
676 1920 816 1971 caro,
844 1909 923 1957 vel
948 1910 1165 1959 mantica
1201 1924 1365 1966 merx,
1396 1909 1611 1975 χειρότο·

551 1999 634 2031 νον
688 1981 841 2047 κρέας.
906 1985 1202 2050 Pori-igitur
1256 1989 1391 2038 enim
1439 2004 1613 2051 manu,

551 2072 653 2107 non
700 2059 854 2110 datur
902 2063 1149 2124 pondere.
1214 2064 1380 2114 Porro
1422 2067 1611 2117 Manti-

549 2151 654 2185 aam
691 2150 786 2201 pro
808 2138 1081 2188 Mantuam
1106 2140 1301 2190 dictum
1327 2157 1425 2192 non
1455 2145 1610 2193 mira·

552 2211 716 2276 bitur,
750 2215 836 2278 qui
880 2216 977 2263 scit
1018 2217 1236 2276 Vetere·
1272 2225 1285 2246 ⁸
1313 2218 1611 2283 Pertisum,'

550 2302 646 2351 pro
677 2291 700 2328 -‘
725 2291 1024 2353 pertesum,'
1065 2301 1120 2343 et
1159 2294 1360 2358 similia,
1398 2297 1608 2348 dixisse.

547 2364 651 2413 Joa.
678 2365 804 2415 Soat-

614 2451 639 2477 ¹¹
669 2445 937 2508 Manubiae]
971 2447 1059 2496 Sic
1101 2445 1249 2497 Jovis
1292 2447 1505 2500 fulmina
1543 2453 1609 2501 E·

551 2527 726 2571 trusco
754 2525 1006 2574 vocabulo
1028 2525 1167 2573 dicta
1194 2535 1334 2589 eunt,
1360 2529 1439 2576 vel
1462 2527 1610 2579 Grae·

549 2614 630 2655 co,
652 2606 711 2649 ut
734 2601 940 2665 quidam
964 2603 1160 2665 volunt,
1177 2618 1208 2651 a
1226 2604 1385 2653 verbo
1406 2606 1609 2656 scilicet

545 2674 721 2736 μυύω,
736 2678 971 2739 ostendo,
983 2676 1148 2741 εῐβία,
1159 2681 1341 2742 virtus,
1357 2684 1611 2745 potentia.

547 2754 667 2819 quia
690 2753 751 2802 iis
787 2753 1002 2817 Jupiter
1039 2758 1323 2818 potentiam
1357 2774 1498 2808 sitam
1530 2776 1609 2810 os·

549 2831 733 2880 tendit.
788 2831 1076 2882 Fulminum
1101 2842 1272 2886 autem
1300 2837 1460 2885 multa
1482 2835 1608 2887 fuis-

547 2921 604 2956 se
643 2922 836 2972 genera
874 2909 1134 2960 tinxerunt
1157 2912 1400 2975 Veteres,
1431 2923 1485 2965 et
1521 2931 1607 2965 eo·

546 2998 658 3033 rum
717 2985 815 3034 tria
866 2993 1067 3034 tantum
1106 2988 1296 3038 Jovem
1339 2990 1607 3053 ejaculari.

546 3076 663 3123 quae
714 3069 964 3110 vocarunt
1015 3065 1273 3114 manubias.
1342 3068 1603 3118 Candidas

546 3138 769 3198 scilicet,
808 3139 1007 3200 rubras,
1050 3150 1107 3191 et
1130 3150 1305 3192 atras:
1355 3147 1603 3196 candidas

546 3213 778 3278 quidem,
801 3216 1021 3280 consilii,
1036 3232 1151 3281 quoe
1175 3221 1479 3278 monitoriae.
1497 3224 1605 3286 pla-

543 3291 798 3356 cidaeqne,
839 3308 931 3341 seu
977 3295 1134 3359 loeue,
1158 3312 1316 3361 quare
1361 3301 1411 3349 id
1440 3303 1603 3351 solum

544 3365 738 3417 fulmen
776 3369 1031 3432 placabile
1066 3373 1198 3422 dixit
1226 3376 1426 3427 Seneca
1448 3380 1606 3428 alicu-

543 3444 631 3494 bi:
678 3445 854 3494 rubras
900 3462 1040 3509 vero,
1093 3454 1432 3513 auctoritatis,
1486 3472 1605 3519 quae

542 3521 660 3573 Dii·
678 3521 1010 3575 inferioribus
1029 3529 1247 3578 consciis
1266 3546 1381 3580 cum
1398 3531 1606 3595 fragore

542 3603 842 3672 veniebant,
858 3605 1168 3670 vulneraque
1192 3606 1515 3672 infligebant,
1531 3623 1605 3661 ta-

540 3694 659 3731 men
699 3681 806 3731 nine
850 3684 1149 3749 cujusquam
1193 3686 1372 3736 caede:
1426 3689 1608 3738 tertias

541 3758 784 3825 deniqne,
826 3760 879 3809 id
922 3769 1021 3822 est,
1062 3770 1219 3821 atras,
1261 3772 1428 3814 status
1466 3766 1605 3816 dice·

542 3838 686 3897 bant,
710 3852 827 3902 quae
854 3838 1081 3888 Deorum
1106 3842 1262 3890 etiam
1283 3843 1605 3906 superiorum

540 3914 753 3965 coneilio
799 3926 992 3979 praeter
1036 3922 1456 3982 expectationem
1501 3937 1606 3972 om-

539 3992 683 4040 nium
717 3994 1173 4056 superveniebant,
1207 3997 1474 4062 ignitaque
1499 3999 1604 4047 vio-

539 4069 712 4118 lenter
768 4071 1119 4121 discutiebant
1188 4074 1607 4141 adurebantque,

539 4161 644 4196 non
666 4148 777 4196 siue
801 4148 1177 4212 significatione
1216 4161 1385 4202 status
1409 4154 1606 4217 publici

540 4223 837 4289 privatique
876 4227 1127 4281 mutandi,
1162 4231 1455 4293 sa’piusque
1486 4245 1606 4280 cum

538 4301 797 4352 hominum
820 4303 991 4353 clade.
1058 4304 1242 4370 Neque
1265 4321 1468 4370 pronus
1490 4309 1604 4359 abs-

1691 1849 1792 1918 que
1816 1834 2017 1885 ratione
2051 1832 2248 1882 dixisse
2267 1832 2492 1882 Veteres
2516 1830 2740 1881 videntur

1694 1913 1888 1976 primae
1911 1910 2177 1961 manubiae
2193 1909 2352 1959 solius
2367 1909 2518 1961 Jovis
2540 1909 2741 1958 consilio

1691 1989 1825 2046 fieri,
1850 2004 1962 2038 cum
1988 2003 2066 2038 eae
2088 1987 2334 2050 innoxie,
2355 1984 2423 2035 de
2445 1994 2630 2035 natura
2653 1985 2742 2033 aci·

1692 2069 1817 2117 licet
1841 2067 2061 2131 planete
2084 2064 2250 2126 Jovis,
2270 2064 2358 2130 qui
2374 2062 2628 2125 benignus
2642 2069 2741 2111 est:

1691 2146 1755 2196 ad
1781 2144 2036 2195 secundae
2059 2157 2182 2193 vero
2220 2141 2458 2191 adhiberi
2492 2141 2640 2189 Deos
2660 2139 2744 2188 mi-

1689 2238 1858 2284 norea,
1881 2237 2008 2287 quos
2031 2236 2128 2287 ego
2158 2220 2481 2283 interpretor
2513 2219 2743 2281 planetas

1688 2298 1823 2350 Jove
1846 2297 2136 2358 inferiores,
2169 2309 2329 2361 quare
2357 2308 2435 2344 eae
2458 2295 2621 2343 etiam
2645 2292 2743 2341 vio-

1689 2376 1963 2428 lentiorem
1998 2376 2064 2425 ad
2102 2374 2284 2425 tertiae
2314 2372 2543 2438 deniqne
2581 2371 2744 2420 vocari

1690 2455 1834 2504 Deos
1852 2454 2167 2519 superiores,
2184 2452 2220 2500 i.
2243 2452 2541 2515 superiores
2559 2449 2749 2510 stelias,

1690 2539 2012 2596 quapropter
2045 2545 2120 2579 επ
2155 2529 2313 2580 etiam
2353 2528 2748 2588 violentissima,

1689 2618 1746 2658 et
1778 2622 1877 2659 non
1908 2610 2021 2658 eine
2051 2607 2311 2657 hominum
2345 2605 2515 2656 clade.
2583 2606 2654 2655 Et
2684 2602 2744 2652 ad

1688 2688 1819 2736 lianc
1858 2685 2206 2736 manubiarum
2245 2683 2500 2733 rationem
2542 2696 2744 2745 respex-

1691 2763 1790 2812 isse
1816 2762 2020 2813 videtur
2048 2761 2398 2823 Tamerlanua,
2430 2760 2516 2824 qui
2542 2759 2594 2808 in
2617 2758 2746 2808 obsi·

1691 2841 1843 2891 dione
1865 2842 2064 2892 urbium
2086 2840 2254 2906 primo
2276 2840 2360 2890 die
2394 2838 2621 2891 candido
2644 2844 2746 2887 ten·

1692 2918 1825 2966 torio
1862 2918 2123 2981 utebatur,
2155 2926 2216 2969 ut
2248 2918 2616 2984 impunitatem
2639 2930 2744 2964 sese

1689 2994 2001 3044 dedentibus
2024 3002 2313 3046 ostentaret
2332 3012 2349 3055 ;
2383 2994 2472 3044 die
2491 2992 2747 3058 sequenti,

1683 3072 1858 3127 rubro,
1883 3087 1983 3137 quo
2013 3072 2301 3138 principum
2329 3079 2534 3122 tantum
2557 3069 2745 3119 caedem

1684 3147 1904 3198 suturam
1947 3149 2308 3213 significabat3
2348 3148 2508 3198 tertio
2533 3146 2617 3195 die
2645 3155 2749 3194 tau·

1685 3225 1801 3275 dem
1842 3236 1955 3277 atro
1995 3228 2225 3277 tentorio
2261 3227 2485 3278 omniurn
2528 3225 2744 3274 interne·

1686 3304 1884 3351 cionem
1918 3302 2281 3366 pollicebatur,
2313 3303 2355 3352 si
2383 3300 2510 3351 urbs
2544 3312 2748 3363 capere·

1690 3388 1791 3428 tur.
1862 3379 1973 3428 Etsi
1999 3378 2123 3427 illud
2150 3379 2251 3427 nlio
2276 3378 2440 3441 possit
2465 3374 2670 3433 referri,
2693 3380 2746 3419 nt

1688 3468 1741 3506 et
1764 3457 1853 3505 illa
1886 3456 1952 3505 de
1985 3455 2257 3516 manubiis,
2288 3470 2404 3521 quoe
2440 3470 2472 3503 a
2495 3469 2577 3501 nie
2597 3465 2747 3513 supra

1690 3535 1861 3596 posita
1885 3540 2022 3583 aunt.
2089 3534 2281 3582 Verum
2305 3546 2467 3597 super
2491 3531 2632 3580 vario
2653 3528 2746 3576 ful·

1688 3614 1878 3662 minum
1904 3626 2094 3673 genere
2129 3612 2203 3661 ita
2237 3625 2268 3659 a
2291 3609 2571 3660 Veteribus
2607 3605 2744 3656 tuci·

1688 3692 1848 3740 vitum
1886 3699 1985 3745 est,
2022 3697 2079 3739 nt
2110 3701 2446 3753 quaecumque
2469 3686 2538 3736 ab
2562 3685 2622 3733 iia
2645 3691 2743 3731 tra—

1687 3768 1796 3817 dita
1819 3775 1957 3829 sunt,
1985 3768 2227 3829 pleraque
2252 3764 2451 3814 somnia
2474 3764 2666 3827 potins,
2686 3773 2743 3807 ae

1687 3845 2044 3903 deliramenta,
2065 3857 2215 3907 qnam
2254 3842 2478 3905 physica¹
2493 3840 2745 3889 axiomata

1687 3922 1796 3969 sive
1820 3920 2177 3983 metaphysica
2201 3918 2499 3974 videantur,
2515 3931 2632 3981 qun
2652 3929 2739 3975 ego

1687 4014 1753 4049 ne
1777 4000 1971 4048 chartis
1991 3998 2203 4047 illinam.
2238 3995 2392 4059 Vide,
2411 3997 2457 4045 ai
2480 3994 2740 4047 lunensi>

1687 4093 1800 4128 nec.
1848 4077 1935 4127 lib.
1982 4091 2046 4125 n.
2083 4075 2319 4125 Natural.
2367 4075 2570 4126 Queat.
2614 4071 2741 4120 Plio.

1685 4155 1774 4203 lib.
1801 4168 1865 4203 ιι.
1886 4154 2006 4203 hiat.
2032 4159 2137 4201 nat.
2159 4165 2276 4215 cap.
2299 4154 2382 4199 62.
2420 4151 2489 4200 Et
2511 4147 2736 4198 Servium

1685 4231 1749 4281 ad
1768 4230 1895 4280 iliud
1910 4244 1947 4280 ι.
1967 4227 2167 4280 AEneid.
2205 4229 2219 4256 ‘
2236 4228 2560 4293 Dinjecitque
2576 4224 2739 4276 rates:

1684 4309 1813 4358 Βᾶθι
