3020 4853
460 288 503 353 8
1340 322 1347 329 -
1379 295 1689 347 nAcBRu

459 470 682 538 pauca
722 449 960 514 alienoe
1004 444 1362 530 diligentiae
1410 445 1661 529 reliqua
1712 443 1991 509 fecisset
2033 444 2092 509 si
2137 444 2648 513 emendatiorem

460 555 763 622 codicem
789 559 1027 618 nactus
1057 558 1256 616 esset.
1347 549 1557 616 Hunc
1600 555 1867 615 secutus
1904 548 2199 613 Illustris
2226 557 2296 613 et
2325 548 2409 616 de
2434 551 2647 617 literis

459 660 713 744 optime
744 657 1014 739 meritus
1046 656 1321 721 Fulvius
1356 652 1659 732 Ursinus,
1691 652 1808 737 qni
1837 672 1986 717 cum
2014 651 2259 718 videret
2281 651 2648 718 Antonium

459 763 907 846 Augustinum
962 759 1445 826 Farnesianum
1487 758 1821 835 codicem,
1880 757 2062 822 unde
2106 756 2473 841 fragmenta
2522 779 2651 824 sua

346 866 353 871 ’
442 866 923 951 descripserat,
944 864 1161 929 minus
1183 862 1529 947 diligenter
1552 868 1893 939 tractasse,
1914 868 1984 927 et
2009 862 2081 926 in
2103 881 2186 927 eo
2209 861 2647 928 describendo

459 971 668 1035 multa
698 969 1119 1054 praeteriisse,
1136 968 1419 1033 eundem
1449 973 1517 1032 et
1543 968 1693 1051 ipse
1715 966 2045 1051 inspicere
2075 966 2315 1032 voluit.
2406 965 2647 1051 Itaque

458 1093 611 1139 cum
654 1093 774 1138 eas
818 1072 1130 1156 reliqmas
1172 1073 1236 1136 ei
1281 1071 1607 1138 arbitratu
1652 1090 1779 1136 suo
1824 1068 2069 1135 babere
2114 1070 2364 1148 liceret,
2412 1088 2650 1136 omnes

457 1183 653 1243 notas
683 1185 751 1242 et
772 1175 1007 1261 apices
1037 1179 1347 1241 accurate
1377 1182 1672 1252 secutu8‚
1696 1181 1760 1239 et
1790 1173 1945 1239 aliis
1976 1192 2142 1239 usus
2171 1172 2465 1251 auxiliis,
2492 1192 2647 1257 quae

458 1279 758 1347 divinare
800 1299 936 1345 non
980 1297 1369 1364 possumus,
1414 1276 1600 1344 brevi
1662 1277 1905 1343 Romae
1956 1277 2198 1343 librum
2255 1276 2650 1361 publicavit,

458 1385 578 1468 qui
602 1384 877 1471 reliquis
905 1385 1211 1449 omnibus
1241 1382 1492 1449 auctior
1515 1388 1583 1448 et
1610 1382 2025 1449 emendatior
2049 1402 2069 1463 3
2112 1387 2181 1447 et
2208 1380 2386 1446 unde
2414 1388 2652 1465 postea

454 1494 850 1574 propagatae
878 1508 1108 1553 omnes
1146 1487 1502 1565 editiones,
1553 1486 1669 1552 ubi
1713 1505 1953 1570 magna
1993 1506 2084 1551 ex
2126 1492 2321 1569 parte
2373 1486 2651 1569 supple-

457 1592 948 1782 taeAlZulgssi-oec
977 1694 1061 1760 de
1092 1694 1283 1760 Festi
1313 1693 1628 1780 Pompeii
1673 1693 1880 1760 variis
1922 1695 2191 1760 casibus
2235 1693 2322 1760 ad
2348 1700 2649 1759 nostram

456 1803 721 1863 aetatem
761 1799 899 1865 dici
932 1804 1229 1883 potuere.
1319 1797 1387 1864 N
1390 1818 1521 1865 unc
1540 1799 1853 1884 quaedam
1890 1799 2317 1884 subjicienda
2346 1818 2464 1865 cur
2492 1805 2651 1882 post

455 1907 683 1967 tantos
713 1905 898 1971 viros
928 1923 1033 1969 me
1056 1903 1429 1988 expugnari
1458 1922 1710 1989 passus
1740 1924 1887 1969 sum
1930 1909 2006 1969 ut
2034 1903 2316 1969 eundem
2346 1902 2649 1969 laborem

453 2006 862 2088 aggrederer.

541 2109 718 2174 Sane
777 2109 1169 2195 priusquam
1225 2129 1395 2175 onus
1436 2109 1751 2189 subirem,
1800 2109 2074 2177 Horatii
2122 2109 2408 2177 consilio
2457 2127 2649 2187 usus,
2721 2144 2730 2153 -

452 2211 615 2296 quid
646 2213 965 2292 valerent,
995 2220 1061 2280 et
1096 2212 1259 2297 quid
1296 2212 1467 2279 ferre
1507 2221 1895 2278 recusarent
1931 2213 2205 2291 humeri,
2245 2211 2362 2276 diu
2388 2211 2649 2277 sedulo·

452 2335 584 2399 que
645 2318 927 2382 versavi.
1020 2316 1159 2382 Sed
1208 2317 1413 2382 etiam
1472 2316 1534 2382 si
1594 2337 1704 2383 me
1759 2318 2079 2401 imparem
2131 2316 2648 2399 cognoscebam,

450 2440 585 2485 non
617 2419 770 2487 ideo
797 2428 1167 2506 praesumta
1204 2421 1666 2507 desperatione
1695 2420 1992 2488 animum
2042 2420 2311 2488 omnino
2357 2419 2647 2504 despon·
2698 2501 2703 2506 μ

450 2524 539 2587 di.
659 2524 836 2590 Mihi
891 2525 1164 2609 quidem
1227 2525 1510 2591 arduum
1567 2526 1787 2591 visum
1852 2531 1963 2591 est
2022 2524 2331 2611 perficere
2384 2531 2646 2589 tantum

450 2646 644 2711 opus,
705 2628 887 2711 quod
929 2630 1091 2696 tanti
1127 2629 1248 2694 viri
1293 2647 1427 2694 non
1468 2628 1938 2712 perfecissent,
1981 2629 2103 2694 sed
2147 2649 2229 2694 eo
2268 2630 2422 2712 ipso
2468 2628 2647 2713 quod

388 2765 391 2768 ·
448 2729 622 2794 tanti
652 2730 778 2795 viri
823 2751 955 2797 non
1001 2731 1459 2815 perfecissent,
1503 2732 1658 2797 inde
1700 2732 1858 2798 mihi
1902 2731 2067 2797 illud
2112 2730 2412 2797 tentandi
2441 2731 2650 2796 confi·
2757 2743 2764 2748 “

449 2831 669 2898 dentia
714 2839 870 2900 nata
909 2842 1035 2900 est.
1129 2835 1465 2901 Praeterea
1507 2855 1661 2902 cum
1706 2835 1918 2901 multa
1960 2837 2027 2902 in
2069 2836 2198 2900 boc
2242 2835 2397 2919 ipso
2442 2855 2647 2921 opere

447 2935 725 3003 vidisset
780 2937 1108 3022 Scaliger,
1158 2958 1313 3023 quse
1367 2960 1448 3005 ne
1509 2940 1779 3027 quidem
1856 2940 2277 3006 suboluerunt
2349 2938 2648 3008 Antonio

446 3037 855 3123 Augustino,
915 3042 1135 3106 multa
1195 3042 1482 3109 Fulvius
1546 3042 1837 3109 Ursinus
1895 3063 2051 3129 quae
2109 3044 2524 3129 scaligerum
2574 3051 2646 3111 et

444 3142 892 3227 Augustinum
922 3145 1276 3227 latuerant,
1308 3154 1381 3212 et
1408 3148 1628 3215 adbuc
1654 3149 1868 3215 multa
1898 3157 2338 3234 superessent,
2360 3170 2511 3234 quoe
2531 3169 2648 3214 ne-

446 3267 578 3331 que
609 3246 855 3312 Fulvio
885 3248 1156 3328 Ursino,
1184 3270 1398 3335 neque
1416 3253 1785 3336 Scaligero,
1814 3273 2027 3338 neque
2049 3251 2352 3318 Antonio
2382 3250 2647 3336 Augus-

444 3352 585 3416 tino
615 3351 682 3415 in
713 3357 993 3417 mentem
1022 3353 1388 3433 venissent,
1434 3356 1595 3421 mihi
1642 3356 1967 3422 continuo·
1995 3355 2081 3421 ad
2110 3345 2643 3422 exhortationem

446 3455 794 3535 succurrit,
841 3461 862 3491 ‘
887 3476 1025 3520 non
1052 3476 1293 3543 capere
1321 3458 1389 3523 id
1419 3480 1636 3526 rerum
1680 3468 2002 3541 naturam,
2046 3467 2120 3527 ut
2157 3460 2478 3546 quicquid
2505 3478 2643 3525 non

445 3565 550 3622 est
578 3558 828 3623 factum
860 3580 938 3624 ne
966 3559 1107 3626 fieri
1136 3562 1405 3646 quidem
1429 3564 1695 3647 possit.’
1782 3563 2165 3630 Arbitratus
2217 3584 2362 3629 sum
2406 3563 2642 3648 itaque

442 3681 560 3746 per
589 3663 838 3729 multos
866 3664 1141 3731 labores
1170 3666 1546 3752 multasque
1567 3669 1837 3754 vigilias
1865 3667 2009 3735 fieri
2033 3689 2255 3754 posse,
2277 3673 2350 3733 ut
2373 3666 2644 3751 fastigia

442 3759 757 3850 qilaedam
787 3766 1100 3833 adderem
1124 3766 1667 3838 doctissimorum
1696 3775 1989 3839 virorum
2019 3773 2331 3839 inventis.
2422 3770 2643 3857 quue

440 3868 601 3933 mihi
644 3868 915 3935 facilius
961 3873 1269 3955 persuasi
1314 3893 1470 3940 cum
1514 3897 1583 3941 re
1628 3877 1785 3962 ipsa
1827 3886 2148 3963 expertus
2194 3895 2340 3942 sum
2385 3896 2493 3941 me
2551 3895 2641 3942 ex

438 3972 831 4058 conjectura
860 3976 1066 4041 multa
1109 3978 1497 4059 restituisse,
1542 4002 1699 4066 quae
1745 3982 1901 4048 mihi
1933 3981 2173 4048 deinde
2203 3979 2487 4046 Schedae
2519 4000 2641 4066 ap-

440 4079 905 4162 probaverunt.
998 4079 1235 4166 Neque
1268 4101 1394 4166 ego
1421 4084 1548 4151 boc
1578 4086 1734 4153 dico
1762 4088 1893 4153 mei
1929 4085 2228 4173 jactandi
2259 4102 2490 4164 causa,
2519 4087 2639 4171 qui

440 4201 585 4246 sum
605 4183 691 4248 ab
713 4183 894 4248 omni
911 4183 1278 4269 jactatione
1294 4186 1769 4272 alienissimus,
1781 4198 1851 4258 et
1869 4189 2185 4276 ingenioli
2202 4189 2332 4258 mei
2350 4189 2638 4257 tenuita-
