3020 4853
500 420 595 468 DE
642 415 1054 467 VERBORUM
1102 410 1719 462 Slech'rloNE
1769 409 1907 457 Lm.
1956 408 2116 456 XIV.

2285 391 2417 456 629

242 562 707 644 Praerogativae
724 568 767 620 ⁸².
786 559 1118 626 ‘centuriae
1173 556 1520 636 dicuntur,'
1559 559 1648 620 ιιι
1690 553 1888 619 docet
1937 550 2155 617 Varro
2201 570 2415 617 rerum

240 689 253 724 c
319 666 744 732 humanarum
766 664 942 730 libro
972 670 1192 741 sexto,
1239 680 1393 746 quae
1422 666 1613 725 rue.¹⁵
1875 659 1878 662 ’

857 766 1172 843 Romani,
1207 766 1321 848 qui
1351 767 1725 847 ignorarent
1753 759 2099 844 petitores,
2131 755 2416 821 'facilius

238 923 245 928 .
320 890 434 936 cos
463 871 986 936 animadvertere
1015 876 1321 955 possent.

1170 1029 1315 1053 eeeee

300 1145 356 1189 15
392 1139 509 1189 Vid.
540 1138 668 1190 Not.

1408 866 1688 931 Verrius
1719 859 2137 948 probabilius
2157 858 2420 945 judicat

1321 1030 1524 1052 00000

1214 1267 1432 1319 NOTAE

298 1378 320 1402 ⁰
374 1365 742 1431 Prarogauvoe]
799 1368 1045 1433 Explicat
1100 1368 1282 1418 Festus

1362 1365 1611 1431 populum
1644 1364 1766 1429 jure
1820 1362 2043 1426 rogavit,
2094 1358 2422 1426 populusque

240 1443 655 1494 curintroductae
679 1442 894 1504 fuerint,
917 1458 1017 1493 non
1042 1457 1152 1509 qun·
1174 1440 1285 1491 fue·
1351 1447 1475 1509 Jure
1498 1444 1650 1495 scivit
1675 1445 1725 1493 in
1760 1442 1871 1492 foro
1908 1457 2004 1507 pro
2047 1439 2247 1491 Rostris
2282 1454 2330 1489 8.
2370 1438 2422 1487 d.

240 1521 467 1584 rint,11ae
493 1521 758 1582 centur-iar,
785 1534 952 1584 neque
990 1520 1175 1569 cui-ita
1198 1534 1285 1582 ep-

238 1599 464 1661 peiletae.
526 1596 777 1647 Mendum
798 1603 969 1646 autem
993 1601 1074 1645 est
1106 1595 1159 1644 in
1183 1594 1282 1643 iliis

234 1675 424 1740 verbis,
468 1689 573 1740 quae
613 1688 724 1724 rus.
744 1687 928 1723 ...nos
960 1673 1082 1736 quoa
1115 1672 1285 1722 rustici

236 1753 607 1803 scriberemus:
641 1760 695 1801 et
714 1759 927 1815 utraque
945 1749 1140 1812 opinio,
1154 1748 1285 1798 Var-

235 1830 368 1879 ronis
385 1836 440 1880 et
462 1830 652 1891 Verrii,
671 1842 793 1878 vera
824 1833 922 1877 est.
989 1826 1157 1880 Fuere
1194 1841 1281 1876 nu-

237 1914 337 1957 tem
358 1921 436 1956 883
460 1906 730 1963 centurioe,
764 1921 880 1971 quae
900 1905 1078 1969 primae
1101 1902 1284 1956 suffre-

236 1985 368 2047 gium
412 1985 650 2036 ferebant
684 1985 987 2039 centuriatis
1020 1984 1242 2035 comitiis
1269 1999 1283 2033 ι
1320 2005 1327 2012 ·

236 2062 298 2111 ab
314 2061 493 2112 cedern
516 2077 571 2112 re
590 2063 659 2112 ita
672 2061 967 2127 appellata»,
988 2059 1123 2125 quod
1144 2060 1284 2122 prius

236 2146 540 2201 rogarentur
569 2137 636 2188 ab
670 2153 751 2200 eo,
772 2141 860 2202 qui
896 2138 1105 2187 comitia
1125 2137 1285 2187 habe-

239 2224 365 2272 rent,
389 2217 602 2279 Velitis,
627 2215 862 2281 jubeatis
896 2216 1009 2277 boc,
1031 2220 1122 2264 aut
1142 2213 1286 2265 iilud.

235 2291 358 2341 Erat
401 2298 577 2341 autem
611 2291 884 2341 maximum
928 2290 1285 2354 praerogativa·

235 2382 344 2418 rum
386 2369 713 2428 beneficium,
756 2367 892 2435 quod
925 2381 1185 2432 nunquam
1222 2366 1287 2416 ab

234 2446 307 2495 eis
340 2447 546 2499 dicatur
584 2455 784 2497 ceteros
817 2445 1156 2509 discrepasse.
1213 2444 1289 2495 Ut

234 2535 355 2571 vero
371 2530 545 2591 essent
567 2525 928 2588 praerogativae
962 2522 1146 2571 sortito
1169 2534 1286 2570 eve-

235 2599 424 2651 niebat.
497 2602 703 2651 Ceterae
746 2599 1143 2664 appellabuntur
1174 2598 1290 2661 J'urc

233 2683 422 2726 mato.
478 2676 702 2726 Vidend-
746 2674 937 2725 Ascon.
992 2673 1081 2724 lib.
1128 2688 1192 2724 ιι.
1235 2674 1289 2724 in

233 2754 467 2805 Verrem.
533 2754 717 2807 Cicero
756 2767 851 2817 pro
871 2753 1057 2802 Murae.
1087 2760 1141 2802 et
1166 2752 1289 2801 Phi-

225 2810 1163 2894 ⁴‘lipp.11.et11b1.et11.deDivin.
1199 2828 1289 2878 Li·

236 2907 344 2956 vius
365 2908 574 2972 saepius.
606 2908 727 2958 Aut.
750 2908 880 2969 Aug.

254 3028 257 3029 γ
301 2982 673 3046 Proerogatiooe]
707 2983 881 3045 Deiis,
901 2982 1024 3032 item
1047 2980 1149 3031 illis
1172 2995 1287 3046 qnae

224 3050 544 3119 ,inrevocata
579 3057 901 3120 dicebantur,
931 3057 1191 3109 Ausonius
1236 3065 1292 3107 et

236 3136 419 3186 Livium
492 3135 751 3186 Ausonius
785 3137 839 3189 in
874 3135 1189 3199 panegyrico
1224 3135 1288 3184 ad

235 3213 537 3263 Gratianum
568 3212 887 3278 Augustum:
924 3212 940 3241 ‘
966 3213 1151 3262 valete
1186 3227 1292 3261 mo-

232 3289 299 3357 do
320 3289 513 3338 classes
543 3277 741 3352 popuii,
764 3293 819 3336 et
841 3285 1152 3337 urbanarum
1176 3287 1293 3336 Tri-

238 3367 389 3418 bnnm
414 3367 802 3439 praerogativae,
833 3375 888 3415 et
907 3366 1154 3417 centuriae
1170 3367 1292 3430 Jure

236 3446 473 3496 vocstaess
524 3446 638 3498 Liv.
662 3444 752 3495 lib.
777 3457 857 3495 ix.
877 3443 944 3492 de
968 3443 1150 3494 Flavio
1171 3444 1294 3493 scri·

234 3523 326 3572 ba:
364 3532 377 3553 ‘
405 3522 646 3586 Fierique
684 3536 738 3571 se
773 3534 869 3585 pro
901 3520 1041 3570 tribu
1075 3518 1292 3571 AEdiiem

236 3599 474 3649 videret!
540 3600 649 3660 Ego
682 3597 1003 3659 interpretor
1031 3611 1119 3659 pro
1151 3595 1297 3656 tribu,

236 3676 588 3740 praerogativa
621 3674 776 3747 tribu.
833 3672 958 3723 Piso
992 3671 1055 3721 de
1081 3671 1292 3722 eodem:

237 3754 520 3805 ‘Eundem
558 3753 735 3816 primae
761 3750 926 3800 tribus
965 3734 1168 3799 oedilein
1206 3763 1295 3803 cu·

236 3832 399 3881 rulem
435 3827 906 3879 renunciaverunt.’
961 3826 1174 3877 Eaedem
1218 3839 1296 3874 er-

236 3908 342 3970 go‘
362 3906 721 3972 praerogative
758 3903 957 3956 tribus'
994 3908 1086 3953 et‘
1113 3901 1296 3965 primm

234 3984 436 4053 trihus?
491 3984 624 4034 Nsm
647 3983 719 4032 ita
753 3984 804 4033 in
838 3980 1038 4044 legibus
1063 3976 1296 4028 ferendis

238 4060 601 4125 loquebantur.
655 4059 745 4109 Sic
780 4058 928 4106 initio
965 4055 1098 4119 legis
1132 4054 1297 4118 cujus·

232 4138 360 4204 ,dem
398 4138 454 4188 in
495 4136 675 4188 tabule
710 4149 898 4185 aenea:
949 4145 1295 4184 rainelmum

241 4227 385 4264 surr.
408 4227 539 4263 ruo.
563 4225 754 4262 τιιιιιυ.
808 4209 947 4261 Item
970 4210 1105 4273 apud
1134 4208 1296 4258 Fron·

238 4290 436 4363 tinum?
472 4293 488 4318 ‘
515 4290 576 4342 T.
612 4287 855 4340 Quintius
886 4286 1154 4351 Crispinus
1176 4285 1294 4337 Cos.

1356 1519 1528 1571 Ῑιιιιῐ.
1585 1520 1744 1569 Eidus
1766 1519 1952 1569 Jniias.
1983 1516 2172 1566 Tribus
2196 1516 2424 1578 Sergia.

1360 1600 1667 1663 principium
1696 1597 1798 1648 fuit
1827 1611 1923 1661 pre
1956 1597 2095 1647 tribu
2123 1595 2245 1645 Sex.
2278 1595 2339 1644 L.
2362 1591 2425 1641 F.

1359 1675 1563 1727 Varro-³
1639 1675 1743 1728 Qui
1785 1674 1962 1740 ¹locus*
2000 1670 2424 1723 mendosissimus

1355 1752 1527 1802 editus
1550 1759 1647 1803 est.
1666 1753 1770 1801 Jos.
1793 1749 1920 1800 Scel.
1975 1746 2337 1800 Centnriarum
2362 1757 2426 1793 sc

1366 1829 1593 1878 tribuum
1637 1826 1971 1896 comitialium
2012 1825 2129 1875 aliae
2172 1829 2293 1873 sunt
2311 1821 2426 1883 jure

1363 1911 1561 1968 mata,
1580 1903 1925 1967 Proerogativoe
1961 1903 2093 1952 niiae.
2157 1900 2428 1961 Praeroga·

1368 1984 1480 2032 tiva
1497 1997 1604 2032 uns.
1624 1980 1982 2044 erat-singulis
2020 1976 2241 2029 comitiis
2275 1975 2430 2026 sorti-

1369 2062 1512 2111 tione
1559 2061 1753 2124 electa,
1795 2074 1908 2124 quae
1947 2058 2076 2121 jure
2112 2054 2332 2128 vocatis,
2374 2051 2428 2102 id

1367 2145 1467 2197 est,
1507 2137 1699 2187 ceteris
1740 2135 1982 2185 omnibus
2014 2130 2431 2198 proerogabetnn

1368 2215 1714 2279 princepsque
1760 2212 2001 2266 omnium,
2061 2207 2267 2259 tametsi
2310 2207 2429 2256 loco

1371 2296 1635 2354 postrema
1677 2289 1761 2338 vel
1801 2286 1993 2343 media.
2034 2285 2086 2333 in
2128 2279 2430 2345 suffragium

1368 2365 1688 2416 mittebatur.
1739 2364 1865 2413 Jure
1878 2366 2056 2412 uoculoe
2075 2364 2195 2408 sunt
2215 2357 2430 2421 reliqum

1369 2456 1566 2498 omnes,
1601 2455 1717 2506 quoe
1755 2454 1846 2489 sno
1879 2436 2044 2503 gradu
2084 2439 2335 2484 vocentur
2375 2438 2434 2482 et

1369 2518 1671 2584 suffragium
1707 2515 1902 2567 ferunt.
1948 2509 2308 2579 Praerogativu
2341 2507 2434 2558 tri-

1371 2594 1465 2646 bus
1484 2609 1574 2645 seu
1598 2592 1837 2644 centuria
1869 2604 2017 2640 omen
2047 2586 2254 2652 aliquod
2287 2585 2341 2634 in
2374 2597 2431 2637 se

1369 2671 1693 2722 continebat.
1759 2668 1953 2719 Tullius
2000 2679 2040 2719 ι.
2091 2664 2156 2714 de
2202 2660 2434 2713 Divinat-

1370 2746 1825 2812 ‘Praerogativam
1849 2745 2065 2808 majores
2098 2739 2261 2791 nostri
2282 2750 2434 2789 omen

1363 2827 1625 2893 justorum
1644 2822 1966 2874 comitiorum
1987 2834 2112 2869 esse
2122 2810 2435 2871 voluerunt:

1369 2903 1604 2968 Ideoque
1641 2901 1750 2966 ejus
1789 2899 1841 2949 in
1878 2894 2214 2965 sequentibus
2252 2889 2436 2943 suffre-

1371 2979 1467 3044 giis
1502 2978 1633 3028 retio
1653 2975 1960 3036 habebatur,
1994 2986 2096 3022 non
2136 2969 2273 3035 quud
2296 2972 2437 3023 esset

1372 3056 1560 3120 prima,
1582 3061 1640 3105 ut
1661 3053 1793 3121 falso
1817 3050 2023 3117 quidam
2048 3046 2437 3099 existimarunt.

1371 3134 1568 3187 Tullius
1614 3146 1675 3183 ιι.
1715 3131 1779 3181 de
1823 3128 2003 3180 Divin.
2073 3126 2089 3155 ‘
2116 3124 2436 3188 Haruspices

1373 3228 1489 3262 cum
1525 3210 1762 3261 Tiberius
1797 3207 2069 3259 Gracchus
2102 3204 2153 3254 in
2189 3203 2437 3254 Senatum

1374 3286 1773 3350 introduxisset,
1832 3292 2047 3349 propter
2110 3279 2440 3345 repentinam

1372 3375 1591 3417 mortem
1616 3364 1746 3428 ejus,
1780 3363 1870 3427 qui
1901 3361 1952 3411 in
1985 3354 2328 3424 prerogativa
2349 3352 2440 3400 de·

1373 3442 1592 3494 ferenda
1625 3441 1794 3491 subito
1829 3436 2165 3494 concidisset,
2199 3445 2299 3480 non
2326 3428 2439 3490 jus

1376 3528 1484 3571 tum
1541 3525 1832 3582 rogatorem
1888 3510 2224 3561 conciliorum
2276 3504 2440 3557 fuisse

1374 3593 1654 3650 dixerunt.’
1720 3588 1874 3644 Quod
1919 3589 2107 3637 Festus
2155 3579 2320 3630 refert
2373 3591 2440 3627 ex

1377 3675 1609 3723 Varrone
1646 3676 1703 3718 et
1724 3663 1931 3725 Verrio,
1961 3660 2011 3710 id
2038 3656 2244 3724 quidem
2263 3666 2442 3705 verum

1376 3746 1474 3812 est,
1514 3747 1608 3796 sed
1646 3745 1721 3795 sic
1762 3747 1963 3791 tantum
1996 3733 2231 3798 expiicat
2251 3743 2347 3780 cur
2366 3742 2442 3778 ιιι

1379 3823 1639 3876 troductae
1692 3817 1886 3867 fuerint
1931 3808 2287 3878 proerogativoe,
2336 3790 2441 3855 non

1378 3914 1501 3951 vero
1534 3911 1650 3962 quae
1686 3891 1900 3953 fuerint,
1935 3900 2103 3954 neque
2139 3899 2232 3936 cnr
2255 3884 2328 3933 its
2350 3897 2443 3948 ep·

1376 3970 1727 4044 peliatae.1n
1771 3967 1942 4019 verbis
1978 3962 2229 4016 Varronis
2266 3962 2443 4026 legen-

1377 4055 1500 4106 dum
1547 4066 1613 4102 ex
1657 4047 1869 4098 doctiss.
1913 4043 2130 4095 Antonii
2164 4037 2445 4103 Augustini

1369 4129 1603 4199 judicio:
1659 4126 1799 4185 Quod
1847 4120 2019 4175 rustici
2081 4118 2303 4176 Romani,
2357 4118 2441 4180 ξε.

1377 4212 1516 4267 Dec.
