3020 4853
549 423 645 471 DE
692 419 1112 470 VERBORUM‘
1155 421 1774 472 stoNtFtcA'rwNss
1828 422 1971 473 [ΑΒ.
2021 423 2131 473 XI.

2301 409 2430 476 371

333 577 637 656 possunt,
666 579 743 634 ut
771 568 1224 651 magisterium
1250 572 1297 645 †
1345 568 1671 653 equitum.

340 717 359 736 .
384 720 401 738 .
425 719 443 739 .
467 675 729 753 rebuS,¹¹³
754 672 868 757 qui
891 691 1001 737 ma

345 823 361 841 .
384 823 438 843 ..
469 783 667 842 untur
695 775 949 842 velit..
971 822 990 841 .

1131 671 1409 756 quitum.
1433 677 1524 736 et.
1550 713 1569 734 .
1586 716 1604 736 .
1620 716 1639 735 .

1026 781 1257 841 contra
1285 793 1404 840 ora
1428 820 1446 839 .
1464 820 1483 839 .
1501 818 1522 840 .

1653 670 1837 737 llinis
1860 670 2021 737 dixe
2046 719 2063 735 .
2086 717 2102 735 .
2124 717 2140 736 .
2184 672 2429 751 [Fsss'r.

2161 777 2433 860 [PAUL.

259 878 754 963 Magmentum,⁸
776 888 805 916 ¹⁸
832 880 1043 963 magis
1071 883 1594 961 augmentatum.

261 981 841 1066 Magnifieissima⁰
863 983 1170 1048 dicebant
1199 982 1455 1065 antiqui
1483 1001 1607 1067 pro
1637 983 2328 1065 magnificentissimat
2359 1004 2431 1048 re

339 1088 507 1151 enim
535 1106 697 1153 vera
722 1086 1150 1170 magnificens
1175 1085 1309 1151 dici
1345 1104 1475 1152 non
1501 1091 1763 1170 potest3
1790 1086 1967 1152 unde
2012 1086 2433 1171 magnificen-

339 1190 597 1256 tissima
625 1189 881 1256 videtur
906 1190 1181 1257 deduci.

260 1291 674 1377 magnificius
722 1293 900 1359 idem
943 1292 1157 1359 Cato⁹
1200 1312 1328 1377 pro
1375 1293 1906 1376 magnificentius
1950 1294 2145 1374 dixit,
2194 1299 2259 1358 et
2301 1313 2431 1361 non

335 1395 616 1462 frustra:
664 1417 817 1462 nam
852 1397 1192 1481 positivus
1221 1396 1368 1481 ejus
1397 1396 1751 1480 magnifice
1773 1405 1898 1462 est.

268 1497 486 1584 Magni
491 1498 685 1583 ficius
710 1509 738 1549 Ρ
758 1521 874 1585 pro
903 1499 1389 1587 magnificentius
1411 1500 1742 1585 usurpavit
1764 1500 1935 1566 Cato
1956 1500 2026 1564 in
2057 1521 2157 1575 ea,
2185 1501 2435 1588 [FssST.

340 1622 542 1686 quam
568 1603 828 1688 scripsit.
863 1651 878 1667 .
902 1652 919 1670 .
940 1650 959 1669 .

1157 1733 1521 1760 ‘Omem

314 1826 346 1870 8
376 1818 512 1870 Scal.
533 1826 587 1870 et
620 1819 750 1870 Dae.
770 1820 1042 1886 legendum
1064 1827 1273 1871 monent
1296 1820 1640 1883 Magmmtsm,
1675 1818 1827 1880 πρὶν
1861 1825 2178 1884 «angmentum.
2182 1825 2277 1871 -9
2310 1822 2432 1876 Qui·

260 1883 370 1936 dam
391 1886 482 1936 lib.
515 1886 636 1936 Cdo
667 1885 784 1950 ipse.

1231 2014 1449 2069 NOTAE

257 2120 422 2165 temen
463 2116 569 2166 alia
597 2115 664 2166 de
687 2117 1000 2182 magisterio,
1020 2123 1080 2168 ut
1102 2118 1305 2182 opinor,
1372 2114 1560 2165 desunt
1572 2116 1809 2179 paucula,
1830 2115 1920 2166 sed
1937 2130 2052 2182 quae
2066 2130 2216 2166 nemo
2229 2122 2439 2181 praesta·

250 2189 478 2243 ludorum
513 2193 765 2258 Apollinis
787 2209 852 2244 ex
874 2195 1106 2245 oratione
1129 2196 1306 2245 neseio
1378 2192 1475 2244 bit.
1499 2192 1562 2242 Id
1580 2208 1732 2243 unum
1752 2208 1834 2243 me
1858 2202 2098 2259 torquet3
2131 2208 2297 2260 neque
2316 2194 2438 2244 satis

253 2282 367 2333 qua,
390 2286 512 2337 quae
543 2279 724 2321 eontra
758 2271 1038 2322 orationem
1063 2270 1307 2322 inscribe·
1382 2271 1618 2320 Verrium
1649 2270 1758 2320 sive
1800 2272 2006 2321 Festum
2042 2270 2292 2336 intelligo,
2318 2286 2435 2321 eum

253 2344 403 2396 batur
425 2347 643 2398 alterius
667 2349 903 2398 oratoris.
936 2347 1059 2399 Ant.
1082 2349 1213 2411 Aug.

315 2429 340 2475 t
394 2422 758 2488 Magium-tm]
811 2422 1042 2476 Difficile
1096 2425 1308 2491 explere

264 2501 468 2554 lacunas
502 2508 646 2554 istas.
711 2505 903 2554 Tamen
939 2503 1004 2554 de
1050 2503 1313 2568 Apolline,

259 2586 311 2628 et
346 2579 410 2629 de
449 2579 671 2646 quodam
703 2581 979 2644 scriptore,
1013 2581 1101 2646 qui
1132 2587 1313 2631 eontra

258 2656 540 2708 orationem
575 2658 753 2708 nescio
787 2658 935 2722 eujus
969 2656 1201 2723 quadam
1242 2657 1307 2708 de

251 2732 493 2798 'Apolline
531 2734 755 2792 dixerat.
784 2735 1126 2786 tractabatur.
1188 2735 1309 2786 Sus·

258 2811 403 2874 picor
444 2813 527 2879 agi
562 2812 630 2861 de
669 2814 917 2876 oratione,
952 2828 1105 2879 quam
1133 2813 1311 2863 habuit

250 2888 418 2940 'Vsrro
455 2890 520 2940 ad
553 2892 799 2955 populum
833 2890 967 2941 ludis
999 2890 1312 2956 Apollinari·

257 2963 347 3015 bus
363 2966 429 3018 de
454 2969 621 3018 Nonis
643 2968 955 3032 Caprotinis.
1000 2967 1178 3018 Verba
1197 2967 1312 3032 ejus

249 3046 375 3095 'sunt
412 3045 528 3096 haec
563 3060 629 3095 ex
663 3047 840 3111 quinto
872 3045 938 3097 de
983 3045 1171 3097 Latino
1206 3059 1312 3095 ser-

253 3133 437 3177 mone=
462 3132 477 3155 ⁸
491 3121 563 3172 ob
584 3123 679 3172 ltoe
696 3127 867 3186 togam
891 3127 1201 3188 pretextam
1223 3123 1312 3171 ds-

250 3203 357 3246 tam
383 3199 458 3249 eis
482 3197 869 3264 Apollinaribus
892 3199 1026 3250 ludis
1049 3200 1200 3250 docui
1224 3214 1313 3266 po-

259 3275 472 3338 pulum.'
505 3277 612 3325 Jos.
630 3275 758 3326 Saul.

325 3386 338 3402 .
357 3383 371 3399 .
392 3388 405 3402 .
423 3360 458 3386 ¹¹¹
483 3351 669 3416 Rebus]
703 3353 783 3401 Ex
802 3353 1157 3417 superioribus
1177 3354 1315 3404 Pau·

260 3426 297 3476 li
327 3422 499 3480 verbis
533 3427 686 3479 facile
729 3430 962 3493 prastari
997 3437 1206 3495 poterat
1226 3432 1313 3481 hu·

251 3504 401 3567 jusee
424 3507 612 3571 capitis
630 3506 794 3571 prima
813 3521 966 3571 pars:
1001 3506 1234 3574 adeoque
1265 3509 1318 3559 in

260 3593 467 3645 promtu
516 3589 649 3638 erat,
708 3598 807 3634 non
863 3582 930 3634 de
993 3586 1316 3649 magisteriis,

260 3660 349 3710 sed
373 3660 442 3712 de
464 3660 729 3724 magistris
751 3661 960 3712 Festum
983 3662 1168 3726 egisse.
1212 3664 1314 3714 Sed

263 3750 327 3786 en
349 3739 444 3789 tibi
461 3740 634 3788 locum
655 3737 763 3788 fere
778 3739 1033 3805 integrum
1049 3755 1114 3790 ex
1135 3741 1314 3793 sched-

255 3813 539 3879 ¹Magistri
560 3814 802 3866 dicuntur
831 3819 883 3866 in
913 3817 1147 3869 omnibus
1180 3818 1318 3869 rebus

261 3892 342 3954 qai
363 3893 523 3956 tnagis
545 3893 738 3943 eeterls
762 3902 989 3957 possunt,
1008 3902 1069 3945 ut
1090 3896 1319 3961 magistri

261 3969 491 4032 equitnm,
536 3975 584 4019 et
630 3969 864 4034 magistri
920 3971 1116 4036 populi.
1181 3972 1319 4024 Item

257 4047 497 4112 magistri
537 4046 768 4097 ludorum
807 4047 1056 4113 Apollinis
1085 4050 1322 4102 dixerunt

259 4125 462 4190 antiqui
487 4126 577 4190 qui
602 4140 736 4175 nune
757 4126 909 4176 aliter
931 4125 1321 4193 dicutur-,vehit

265 4201 503 4252 ostendit
550 4200 679 4252 Cato
711 4201 764 4251 in
802 4217 864 4253 ea
904 4204 1139 4254 oratione
1169 4218 1321 4269 quam

267 4277 400 4329 dixit
443 4283 615 4328 contro
643 4279 1050 4331 orationem-..⁹
1115 4281 1179 4332 Iu
1218 4279 1321 4332 fine

1386 2348 1458 2398 ait
1508 2361 1576 2396 ex
1621 2347 1820 2397 Catone
1876 2348 2145 2411 magistros
2201 2347 2435 2397 ludorum

1387 2423 1639 2489 Apollinis
1684 2434 1807 2476 tunc
1854 2422 2008 2476 fuisse
2062 2425 2216 2475 aliter
2255 2425 2442 2488 dictos,

1386 2517 1500 2553 eum
1525 2503 1681 2552 sciam
1720 2503 1855 2554 idem
1894 2517 1981 2553 eos
2013 2516 2216 2566 semper
2251 2516 2436 2552 nomen

1386 2579 1689 2639 obtinuisse,
1733 2580 1831 2629 etsi
1869 2578 2168 2644 quandoque
2209 2575 2440 2643 prefecti

1388 2656 1544 2706 etiam
1568 2656 1693 2707 dieti
1717 2664 1873 2706 suut..
1902 2658 2026 2708 Dae.

1449 2742 1475 2771 ¹¹
1509 2732 1865 2798 Mag-mentum]
1896 2734 2038 2798 Lege
2069 2747 2184 2784 cum
2216 2731 2441 2795 Scalige-

1387 2824 1468 2875 ιο,
1517 2811 1865 2874 Mugmeutum,
1922 2810 2072 2873 mqius
2121 2815 2439 2872 augmentum.

1393 2889 1522 2938 Erat
1546 2888 1690 2953 daps,
1730 2904 1846 2955 quat
1881 2887 2250 2954 profanabatur
2284 2902 2314 2937 a
2339 2903 2442 2937 rus·

1391 2966 1506 3017 ticis
1527 2966 1681 3033 ano,
1710 2967 1937 3031 Silvano,
1970 2966 2150 3031 Marti,
2178 2965 2298 3019 Jovi
2335 2967 2441 3017 Da-

1393 3044 1533 3108 pali;
1565 3043 1654 3094 sed
1686 3051 1742 3096 et
1780 3046 2008 3111 qualibet
2041 3045 2142 3095 alia
2174 3059 2273 3110 qua
2303 3043 2441 3094 Deos

1392 3120 1707 3171 meet-baut.
1741 3121 1894 3173 Unde
1916 3122 2334 3187 magmentarium
2353 3136 2444 3172 vas
2464 3180 2473 3193 ι

1394 3200 1481 3251 ubi
1525 3208 1651 3251 exta
1690 3215 1838 3251 saera
1882 3218 1985 3252 aroe
2030 3200 2443 3267 imponebantur.

1392 3277 1569 3329 Gloss.
1620 3278 1637 3307 ⁴
1661 3280 2096 3343 magmentarium,
2145 3279 2220 3343 ἐφ’
2278 3275 2334 3327 οὗ
2382 3276 2445 3326 τὰ

1394 3353 1662 3416 σπλάγχνα
1685 3355 1903 3417 τιθέμενα
1925 3358 2028 3406 τοῖς
2047 3358 2221 3417 βωμοῖς
2239 3354 2443 3421 προσφέ-

1397 3449 1572 3494 ρονται.
1575 3432 1592 3455 ’
1616 3432 1663 3483 1.
1675 3435 1691 3460 ⁸
1709 3434 1815 3482 Vas
1836 3434 1925 3505 nbi
1947 3441 2070 3484 exta
2088 3432 2335 3487 altaribus
2353 3432 2445 3482 im·

1397 3508 1693 3575 ponuntur!
1736 3509 1860 3561 Due.

1455 3585 1916 3655 ‘’Magnificissimo]
1934 3586 2243 3653 Magnifieim·
2252 3591 2305 3635 et
2318 3598 2449 3647 mug-

1392 3665 1695 3729 niflcissimts
1712 3663 1956 3714 dicebaut
1978 3663 2173 3727 antiqui
2205 3659 2449 3721 ἂιαλόγος

1395 3757 1428 3792 a
1480 3741 1702 3806 positivo
1753 3738 2047 3805 magnificus.
2111 3738 2223 3788 Nos
2273 3743 2445 3787 autem

1391 3814 2314 3883 magnificentior,mugnificeutissinuts.
2332 3827 2447 3863 eum

1396 3903 1574 3947 tamen
1633 3894 1939 3960 magnific-ens
1980 3892 2082 3942 dici
2125 3904 2226 3940 nou
2269 3890 2451 3953 possit,

1394 3971 1533 4023 unde
1554 3986 1619 4023 ea
1641 3971 1983 4022 deducuntur.
2036 3968 2123 4019 Sie
2137 3966 2400 4033 munificior
2419 3981 2452 4017 a

1397 4050 1618 4116 menifico
1641 4048 1772 4098 dixit
1796 4049 1945 4111 Cato,
1977 4061 2068 4098 nos
2088 4045 2450 4113 munificentior,

1399 4127 1599 4179 etiamsi
1617 4127 1887 4193 munificens
1901 4139 1999 4175 non
2017 4124 2084 4175 sit
2101 4125 2153 4175 in
2171 4138 2280 4174 usu.
2313 4121 2451 4172 Vide

1397 4203 1536 4256 infra
1567 4201 1915 4254 ‘munificion’
1937 4203 2064 4253 Dae.

1466 4289 1494 4326 Ρ
1528 4280 1704 4344 Magni
1724 4280 1840 4346 ...]
1875 4280 2102 4343 Catonis,
2120 4277 2263 4342 Atei,
2285 4281 2339 4327 et
2362 4290 2451 4327 ne·
