3020 4853
2240 354 2370 422 593

277 516 466 581 citata
496 521 622 593 est,
652 533 864 599 eaque
889 521 1032 580 erat
1073 515 1218 579 sine
1263 515 1550 598 pictura,
1592 513 1739 596 ejus
1783 515 1877 578 rei
1920 523 2369 597 argumentum

279 625 398 691 est.
949 617 1215 700 pictura
1266 617 1337 679 in
1381 615 1531 680 aede
1583 614 1961 695 Vertumni,
2014 625 2083 680 et
2133 617 2368 694 Consi,

281 739 547 802 quarum
575 722 640 784 in
674 722 878 786 altera
910 720 1009 783 M.
1044 719 1326 802 Fulvius
1356 719 1668 797 Flaccus»,
1691 721 1757 784 in
1790 721 2000 786 altera
2029 720 2112 785 T.
2161 720 2369 804 Papi-

276 825 406 887 rius
427 831 471 861 ¹¹
545 824 795 888 Cursor
868 824 1339 906 triumphantes
1413 825 1513 889 ita
1579 824 1752 907 picti
1819 829 2000 889 sunt.
2113 824 2372 891 Tunica

278 932 487 990 autem
543 925 881 1009 palmatab
926 945 968 990 a
1008 926 1350 990 latitudine
1407 926 1751 992 clavorum
1806 925 2170 1006 dicebatur,
2216 949 2371 1012 quae

279 1046 445 1090 nunc
478 1047 520 1091 a
549 1048 785 1109 genere
817 1030 1101 1112 picturae
1127 1029 1527 1112 appellatur.

205 1126 426 1195 Pictor
445 1138 468 1165 ⁰
500 1131 744 1195 Zeusis
774 1132 912 1196 risu
944 1138 1265 1209 mortuae,
1295 1132 1453 1197 dum
1484 1132 1661 1198 ridet
1688 1131 1899 1198 effuse
1930 1134 2177 1217 pictam
2220 1154 2264 1199 a
2301 1136 2375 1198 se

280 1251 472 1297 anum
501 1238 760 1319 γραῦν,“
792 1255 911 1300 cur
941 1236 1066 1299 hoc
1112 1235 1269 1300 loco
1312 1237 1596 1301 relatum
1638 1236 1729 1301 sit
1755 1256 1797 1301 a
1827 1236 2083 1316 Verrio,
2113 1258 2264 1302 cum
2291 1240 2375 1301 de

276 1336 642 1417 significatu
673 1340 1018 1404 verborum
1060 1339 1345 1403 scribere
1392 1340 1814 1423 propositum
1843 1340 2162 1418 habuerit,
2189 1341 2375 1423 equi-

280 1438 425 1501 dem
457 1460 584 1505 non
610 1440 833 1518 video,
852 1461 1002 1505 cum
1027 1441 1400 1506 versiculos
1425 1461 1690 1527 quoque
1721 1442 1989 1507 addere.

285 1542 506 1607 tulerit
534 1550 602 1607 et
620 1543 875 1627 ineptos
906 1545 1070 1627 pati,
1101 1544 1220 1608 sed
1253 1543 1503 1608 nullius
1540 1545 1859 1609 Praetoris
1893 1550 2224 1629 praetexto
2255 1562 2376 1608 no-

277 1647 473 1718 mine,
507 1648 623 1729 qui
655 1654 877 1711 tamen
912 1654 1072 1710 sunt
1103 1647 1174 1710 ii.
1266 1647 1446 1712 Nam
1477 1648 1637 1731 quid
1682 1647 1868 1712 modi
1909 1648 2203 1713 facturus
2233 1649 2375 1712 risu

277 1745 611 1832 denique?
721 1750 871 1814 Nisi
954 1750 1175 1832 pictor
1241 1750 1380 1815 fieri
1439 1751 1608 1828 vult,
1664 1752 1782 1835 qui
1855 1751 1998 1815 risu
2072 1746 2377 1815 mortuus

277 1857 401 1913 est.
579 1869 649 1933 Α

464 371 559 418 DE
609 368 1018 419 VERBoRuM
1067 368 1688 444 81GN112’10A'1110NE
1753 369 1900 416 mn.
1947 369 2110 419 xlv,

1110 2017 1137 2036 O
1144 2017 1442 2039 “oeten“

260 2135 313 2180 11
351 2132 446 2180 Vir
467 2131 609 2181 doct.
646 2132 697 2180 in
733 2147 891 2197 marg.
927 2132 1010 2182 ed.
1033 2133 1170 2184 Scal.
1209 2137 1349 2199 conj.
1396 2136 1453 2186 L.
1478 2135 1856 2198 Papirium—12
1890 2134 2009 2183 Vet.
2047 2134 2136 2186 lib.
2178 2131 2375 2197 γράνην.

197 2211 308 2246 mox
333 2212 428 2261 pro
455 2197 694 2246 Pretoris
718 2199 794 2246 vir
815 2199 954 2248 doct.
979 2201 1193 2263 conjicit
1217 2203 1424 2251 auctoris
1446 2203 1529 2250 vel
1551 2201 1718 2264 poeta.
1766 2199 1899 2248 vide
1925 2200 2111 2253 Notas.

1181 2396 1390 2449 Nom-2

191 2537 274 2588 Sic
313 2539 491 2589 Livius
537 2549 707 2604 togam
748 2543 1033 2593 Masinissa·
1077 2545 1247 2594 datam

193 2626 325 2664 nunc
345 2616 591 2666 lib.xxx.
617 2631 663 2667 c.
684 2622 759 2666 15.
786 2622 800 2646 ‘
823 2619 1023 2668 Pictam
1045 2619 1251 2683 togam?

192 2703 325 2740 nunc
365 2693 457 2741 lib.
497 2706 660 2744 xxxi.
698 2709 743 2744 c.
780 2698 857 2745 11.
893 2696 908 2722 ‘
934 2705 1104 2758 togam
1134 2711 1253 2759 pur-

192 2782 402 2830 puream
429 2771 620 2832 vocat‚'
655 2773 736 2821 hie
762 2773 1120 2837 splendidioris
1144 2784 1255 2824 tsn-

193 2854 296 2893 tum
335 2862 602 2909 purpure,
640 2850 748 2898 illic
791 2850 1104 2913 Phrygionis
1144 2851 1254 2916 pig-

192 2925 349 2972 menti
387 2923 570 2973 habita
611 2927 825 2976 ratione.
891 2927 1026 2976 Vide
1051 2928 1254 2977 Manut.

194 2998 256 3046 de
280 2999 434 3049 rebus
469 3015 565 3063 per
602 3003 874 3065 epistolam
914 3004 1145 3068 quaesitis
1167 3004 1254 3053 lib.

195 3086 257 3123 n.
285 3075 386 3138 Ep.
413 3079 461 3124 1.
499 3078 625 3127 Dae.

254 3149 276 3182 Β
314 3152 496 3201 Μαι
531 3160 689 3204 autem
723 3156 952 3220 palmata]
989 3157 1256 3208 Quomodo

190 3228 398 3288 palmeta
431 3246 461 3279 a
500 3230 776 3281 latitudine
804 3234 1063 3282 clavorum
1090 3235 1108 3282 ?
1173 3233 1256 3283 An

191 3312 342 3365 putat
365 3307 556 3355 Festus
582 3308 854 3370 palmatam
888 3309 1112 3357 tunicam
1135 3323 1164 3357 a
1186 3311 1256 3357 la-

191 3381 401 3431 ticlavia
427 3384 608 3432 tunica
626 3398 727 3433 non
745 3383 986 3435 differre?
1053 3386 1259 3436 Ridicu-

189 3456 292 3506 lum
314 3473 328 3506 ε
356 3460 510 3523 qnasi
536 3473 657 3509 vero
676 3461 1048 3524 triumphantes
1062 3463 1257 3526 magni-

189 3531 451 3584 ficentiori
477 3543 624 3585 veste
644 3536 720 3586 nsi
739 3551 838 3586 non
857 3537 1090 3602 fuissent,
1110 3554 1259 3602 quiam

191 3612 415 3675 vulgari,
442 3612 554 3662 lato
577 3615 742 3664 clavo.
808 3615 1019 3664 Scilicet
1036 3630 1138 3665 non
1158 3630 1259 3666 me·

189 3690 421 3740 minei-at
467 3690 656 3739 Festus
696 3691 901 3754 palmea
932 3689 1053 3742 folia
1075 3699 1129 3741 et
1153 3693 1261 3756 pal-

191 3777 332 3814 meas
356 3779 582 3816 coronas
608 3767 868 3816 Germana
892 3767 1049 3818 fuisse
1083 3769 1261 3818 Victo·

191 3842 282 3890 τίω
307 3843 573 3907 symbola,
607 3844 920 3908 triumphum
944 3846 1266 3910 exornantia,

191 3917 360 3983 iisqne
400 3934 471 3968 ex
509 3934 635 3969 auro
660 3922 857 3971 tunicas
882 3922 1265 3985 elegantissime

191 3993 498 4059 descriptas
548 3998 799 4058 palmatas
857 4011 1060 4062 semper
1110 3998 1266 4049 fuisse

192 4081 431 4122 vocatas.
501 4072 700 4122 Tamen
742 4075 949 4124 Manut.
980 4075 1071 4125 lib.
1103 4090 1168 4125 ιι.
1203 4075 1267 4124 de

192 4148 305 4197 reb.
332 4163 433 4212 per
456 4149 615 4211 epist.
642 4165 802 4215 quaes.
823 4152 973 4214 epist.
991 4155 1040 4200 4.
1058 4158 1272 4201 conatur
1342 4150 1468 4199 nwdi
1495 4147 1717 4206 facturus
1758 4149 1860 4197 risu
1896 4147 2092 4211 denique
2140 4147 2210 4195 Ni
2250 4147 2403 4210 pictor
2484 4193 2487 4202 ,

1330 2546 1507 2596 tunica
1531 2561 1629 2598 non
1654 2544 1895 2609 differre3
1922 2544 2011 2595 sed
2035 2544 2241 2593 frustra.
2279 2539 2354 2589 Id.

1390 2631 1412 2658 c
1447 2624 1639 2687 Pictor]
1672 2625 1803 2675 Sunt
1847 2624 1931 2674 liic
1968 2620 2209 2671 nonnulla
2247 2630 2386 2665 men·

1328 2698 1471 2760 dosa,
1514 2715 1629 2762 quae
1669 2714 1768 2748 uon
1802 2698 1953 2750 facile
1985 2697 2245 2747 emendari
2274 2709 2388 2758 pos·

1330 2785 1465 2825 sunt.
1498 2777 1617 2825 Ant.
1641 2776 1771 2838 Aug.

1397 2851 1589 2915 Pictor]
1607 2851 1924 2914 Legendum,
1935 2850 2109 2913 pictam
2122 2863 2153 2897 a
2168 2861 2218 2897 se
2225 2846 2391 2910 γραῦν.

1331 2930 1422 2991 Et,
1445 2943 1549 2977 cum
1571 2927 1823 2977 versiculos
1844 2929 1904 2976 ad
1928 2927 1977 2975 id
1996 2926 2240 2986 retulit,et
2259 2924 2390 2986 inep-

1330 3009 1402 3055 tia
1444 3005 1571 3070 pari,
1614 3010 1660 3053 et
1703 3005 1879 3054 nullius
1910 3007 2149 3068 pra-texto
2189 3000 2391 3049 nomine.

1333 3082 1467 3132 Nam
1513 3080 1573 3130 τὸ
1611 3081 1845 3130 Proetoris
1889 3079 2079 3129 frustra
2116 3078 2392 3128 emendare

1332 3165 1731 3222 conantur,cum
1743 3155 2013 3208 conflatum
2029 3156 2096 3205 sit
2108 3170 2170 3205 ex
2181 3166 2397 3218 sequen-

1335 3235 1371 3285 ti
1399 3249 1543 3286 voce.
1609 3235 1793 3299 Itaque
1818 3234 2108 3285 delendum.
2141 3232 2247 3280 Jos.
2265 3229 2395 3279 Scal.

1398 3312 1569 3362 Pictor
1612 3312 1803 3376 Zeusis]
1858 3311 2098 3362 Delenda
2155 3316 2236 3358 est
2293 3321 2393 3354 vox

1333 3403 1490 3442 anum.
1506 3389 1650 3453 quasi
1677 3388 2044 3452 interpretatio
2069 3385 2207 3434 vocis
2230 3384 2394 3447 γραῦν.

1335 3465 1406 3514 Et
1424 3464 1673 3530 deinceps
1698 3465 1990 3530 legendum,
2013 3479 2117 3512 cum
2146 3461 2396 3510 cer-siculos

1334 3554 1514 3605 quoque
1533 3542 1592 3589 de
1614 3555 1670 3590 ea
1704 3555 1755 3589 re
1787 3541 2024 3599 retulerit,
2050 3544 2095 3586 et
2116 3538 2299 3598 ineptos
2320 3549 2397 3582 sa·

1335 3617 1418 3676 tis,
1440 3621 1488 3664 et
1512 3615 1688 3664 nullius
1718 3619 1953 3679 proetexto
1991 3612 2189 3662 nomine.
2262 3609 2396 3655 Nam

1336 3690 1461 3740 illud
1503 3690 1741 3739 Proetoris
1779 3690 1888 3737 sine
1920 3688 2077 3737 dubio
2120 3682 2397 3734 conflatum

1337 3782 1402 3816 ex
1446 3767 1687 3829 sequenti
1730 3779 1857 3813 voce
1890 3767 2142 3827 praetexto,
2176 3769 2233 3808 nt
2272 3759 2398 3807 illud

1334 3842 1499 3908 pretii,
1524 3840 1660 3907 qnod
1688 3842 1737 3889 in
1763 3839 1979 3900 schedis,
2005 3838 2020 3864 ‘
2041 3838 2223 3886 nullius
2245 3835 2398 3900 pretii

1341 3926 1601 3985 praetexto
1626 3916 1862 3966 nomine!
1926 3916 2185 3965 Versiculi
2211 3931 2237 3964 a
2272 3917 2399 3963 Ver·

1342 3996 1418 4046 rio
1471 3993 1682 4044 adducti
1727 3993 1801 4042 ita
1847 3992 2057 4056 legendi
2108 4001 2163 4042 et
2216 3992 2398 4041 distin·

1344 4072 1567 4138 guendi:
1593 4079 1710 4121 sunt
1729 4073 1862 4120 enim
1880 4070 2077 4121 Senarii
2099 4087 2112 4120 z
2144 4071 2268 4120 Nam
2290 4069 2401 4132 quid
2444 4078 2462 4090 ·

193 4227 480 4275 ostendere
528 4225 688 4274 latum
731 4228 929 4276 clavum
977 4244 1004 4276 a
1047 4229 1269 4291 palmata
1332 4226 1452 4290 fieri
1473 4228 1589 4290 volt,
1614 4226 1692 4288 qui
1715 4226 1815 4274 risu
1837 4225 2038 4274 mortuu’
2064 4225 2141 4274 ἐϋ.
2184 4226 2315 4273 Dac.

332 4323 525 4385 Delph.
546 4330 593 4371 et
624 4323 737 4371 Var.
760 4324 889 4371 Clas.

1161 4324 1323 4385 Pomp.
1355 4324 1486 4372 Fert.

2160 4321 2272 4370 2P
