3020 4853
498 358 585 426 44

1186 374 1406 424 sssxw
1460 373 1764 423 POMPEI!
1818 373 2022 424 FBs'rt

586 522 842 606 plendis
864 520 1242 605 legionibus
1275 520 1859 587 adscribebantur:
1901 522 2021 587 hos
2049 528 2119 585 et
2139 519 2474 584 adcensos
2498 518 2681 584 dice-'-

587 628 798 706 bant,⁸
841 623 1020 711 quod
1070 624 1155 691 ad
1204 625 1535 707 legionum
1566 644 1842 690 censum
1871 632 2095 691 essent
2125 623 2494 707 adscripti:
2538 623 2686 707 qui-

589 729 742 794 dam
770 729 1051 808 velatos,
1080 729 1256 815 quod
1279 730 1499 794 vestiti
1525 730 1809 796 inermes
1829 735 2243 814 sequerentur
2273 725 2682 791 exercitum:

580 833 884 898 nonnulli
913 834 1323 912 ferentarius,
1354 834 1534 918 quod
1560 834 1786 899 fundis
1817 833 2290 917 lapidibusque
2317 830 2684 913 praeliaturi

586 958 669 1003 ea
715 936 913 1002 modo
948 936 1208 1017 ferrent,
1255 957 1407 1022 quae
1443 938 1509 1001 in
1553 937 1773 1003 hostes
1806 936 2146 1021 jacerent:
2192 936 2312 999 alii
2357 933 2689 1012 rorarios,⁸

588 1040 764 1125 quod
795 1040 865 1105 id
896 1061 1108 1124 genus
1140 1041 1479 1107 hominum
1507 1048 1682 1120 ante,
1707 1061 1906 1125 quarn
1934 1042 2114 1105 acies
2144 1040 2422 1118 coirent,
2446 1040 2516 1102 in
2547 1058 2689 1102 mo-

589 1145 747 1209 dum
776 1146 1065 1210 rorantis
1096 1144 1518 1230 tempestatis
1556 1145 1919 1210 dimicaret.

504 1248 863 1313 Adfectata
886 1257 935 1297 ¹⁷
958 1247 983 1285 '³
1025 1248 1278 1313 femina
1298 1248 1407 1312 vel
1435 1247 1503 1310 in
1534 1247 1772 1311 bonam
1797 1253 2054 1330 partem
2076 1245 2336 1321 dicitur,
2365 1242 2550 1307 velut
2569 1242 2688 1307 ho-

588 1358 850 1432 norata,
895 1352 1004 1418 vel
1055 1353 1126 1417 in
1178 1351 1444 1430 malam,
1495 1352 1697 1436 quasi
1728 1379 1732 1383 ·
1758 1349 1845 1415 ad
1905 1357 2272 1415 extremum
2315 1346 2688 1432 periculum

589 1455 903 1523 adducta.

1416 1556 1562 1577 ’,ΝΟ
1566 1555 1772 1577 ΜΟ

571 1660 631 1707 17
665 1657 927 1706 Adseclata
959 1658 1096 1708 Scal.
1122 1657 1174 1707 in
1199 1664 1381 1708 textu:
1417 1657 1509 1707 sed
1536 1652 1713 1709 vsnot.
1736 1657 1825 1708 inf.

1483 1790 1704 1841 NOTAE

506 1885 641 1936 idem
664 1885 800 1937 infra
820 1886 1178 1941 confirmatur:
1213 1891 1228 1918 ‘
1246 1890 1457 1953 Velati,'
1481 1890 1558 1941 in-

504 1967 635 2031 quit,
670 1970 685 1996 ⁶
711 1967 1103 2031 appellabantur
1144 1969 1339 2026 vestiti.
1383 1977 1437 2020 et
1479 1970 1558 2019 in·

504 2058 690 2108 ermes,
732 2046 821 2110 qui
863 2045 1146 2096 exercitum
1189 2048 1556 2113 sequebantur,

504 2120 694 2186 quique
737 2122 790 2170 in
835 2131 1145 2173 mortuorum
1189 2124 1401 2173 militum
1444 2125 1558 2173 loco

505 2196 969 2249 substituebantur.
970 2198 984 2220 ’
1050 2200 1243 2250 Postea
1267 2201 1318 2249 iu
1347 2200 1557 2251 munici-

504 2288 620 2337 pus,
636 2274 860 2340 itemque
886 2277 1081 2339 Romae,
1105 2276 1297 2342 publici
1328 2277 1556 2328 ministe-

506 2351 571 2400 rii
602 2366 787 2403 nomen
823 2352 925 2404 fuit
951 2355 1218 2405 Accensus
1241 2356 1476 2419 velatus,
1498 2363 1558 2405 ut

504 2439 726 2495 apparet
747 2446 811 2481 ex
835 2433 932 2482 bac
958 2433 1327 2499 inscriptione.

604 2520 656 2556 τ.
691 2520 991 2559 πΛτιιινε.
1028 2523 1153 2561 vor..
1186 2523 1462 2561 Paocvnvs

504 2594 785 2632 accansvs.
809 2598 1059 2634 vnum-vs.
1081 2599 1162 2636 ετ.
1187 2599 1561 2639 aucam-Aius

505 2673 813 2713 strifeum.
852 2676 1154 2715 ranam-as.
1195 2678 1361 2715 nuo.
1395 2679 1561 2716 onv-

922 2752 1023 2789 no.
1059 2753 1126 2790 m·

505 2827 788 2865 oncrvmn.
809 2815 1079 2866 sarmul.
1100 2816 1302 2867 vxoaI.
1332 2830 1467 2867 mvs.
1490 2831 1563 2870 si·

791 2891 990 2945 aleva.
1024 2905 1108 2941 ετ.
1145 2892 1263 2943 svls

538 2967 821 3019 ιιιιειιτῐι.
856 2981 1215 3019 ninnnrsnvs.
1244 2969 1530 3020 Pon-sus·

841 3059 971 3099 ova.
1009 3058 1225 3097 sonvu.

507 3125 643 3174 Item
678 3130 826 3188 patet
858 3138 923 3173 ex
961 3124 1060 3172 alio
1084 3139 1228 3185 saxo,
1249 3125 1386 3190 quod
1409 3133 1487 3176 est
1513 3127 1563 3176 in

506 3200 592 3249 via
629 3199 799 3263 Appia
830 3200 1067 3261 Formiis,
1093 3207 1150 3251 ut
1183 3204 1435 3261 omnibus,
1474 3203 1561 3269 qui

505 3277 765 3340 Neapolin
789 3275 1206 3341 proficiscuntur,
1236 3277 1289 3329 in
1313 3294 1562 3344 conspec-

507 3361 562 3403 tu
586 3353 668 3404 sit.

761 3444 808 3481 ι..
844 3443 1153 3481 vanaomo.
1176 3444 1224 3482 ι..
1248 3445 1297 3483 r.

826 3522 948 3558 ΡΑι.
970 3521 1236 3560 οΑΡιτοιιι

769 3600 1023 3637 semmua.
1054 3598 1298 3638 samuc-

774 3677 1037 3715 Accsnso.
1070 3677 1280 3715 vano

739 3731 951 3799 fivxao.
986 3758 1342 3799 vaevtutt.

761 3837 1054 3875 ονιυιτοιιι.
1090 3836 1315 3873 νιΑιινιι

738 3914 1015 3951 arnono.
1047 3911 1323 3949 comunt

777 3990 948 4026 ormo.
983 3987 1280 4025 Βεσᾼιινιι

764 4065 1024 4107 Qvonvtu.
1068 4063 1298 4100 flettona·

671 4141 1002 4180 CONTENTVS.
1038 4139 1153 4176 st.
1190 4140 1394 4178 Psctm.

923 4215 1121 4253 Posvu·

875 4293 922 4332 ι.
956 4293 1009 4331 n.
1044 4293 1097 4332 ι).
1129 4294 1184 4332 n.
1234 4282 1341 4333 λοι.
1364 4280 1493 4335 scal.

1703 1889 2038 1954 Adscripticii]
2074 1889 2209 1939 Item
2247 1887 2563 1953 adscriptivi,
2598 1889 2692 1939 mi-

1641 1967 1779 2030 lites,
1800 1970 1884 2033 qui
1909 1976 2060 2017 extra
2080 1966 2309 2016 ordinem
2335 1974 2389 2016 et
2414 1974 2563 2017 extra
2597 1981 2691 2015 uu·

1638 2058 1834 2094 merum
1853 2044 2051 2093 militiae
2078 2042 2326 2106 adscripti
2344 2050 2477 2093 snut.
2515 2043 2692 2095 Plaut-

1637 2120 1891 2170 Meuaecb.
1915 2133 1955 2169 1.
1983 2124 2030 2168 8.
2065 2122 2080 2146 ‘
2104 2121 2201 2168 En.
2223 2119 2389 2168 Extra
2425 2133 2690 2168 numerum

1639 2216 1692 2251 es
1710 2200 1845 2248 mibi.
1891 2200 1989 2249 Ps.
2009 2196 2152 2246 Idem
2176 2197 2305 2248 istuc
2326 2198 2439 2247 aliis
2465 2198 2691 2263 adscrip-

1639 2278 1759 2327 tivis
1789 2275 1854 2324 ad
1881 2277 2133 2339 legionem
2155 2274 2270 2324 fieri
2309 2275 2457 2326 solet.
2458 2276 2472 2296 '
2541 2276 2691 2325 Varr.

1638 2353 1732 2403 lib.
1770 2366 1845 2402 vr.
1886 2352 1951 2401 de
1998 2352 2051 2400 Ι..
2076 2352 2183 2400 Ι..ι
2209 2351 2528 2417 Adscriptivi
2564 2352 2694 2403 dicti

1640 2429 1776 2497 quod
1822 2429 1941 2479 olim
1987 2426 2411 2479 adscribebantur
2455 2429 2696 2493 inermes,

1639 2507 1727 2573 qui
1752 2485 2091 2557 succederent
2118 2506 2328 2555 armatis
2352 2505 2620 2567 militibus,
2642 2503 2693 2556 id

1642 2594 1740 2643 est,
1772 2586 1815 2635 si
1838 2585 1950 2651 quis
1973 2599 2150 2634 eorum
2172 2583 2503 2648 deperissetss
2537 2585 2661 2636 Dec.

1709 2661 1871 2710 ²H0s
1889 2667 1936 2710 et
1956 2663 2177 2711 adcensos
2197 2660 2436 2725 dicebant]
2459 2661 2591 2712 Vide
2614 2678 2695 2712 su·

1643 2752 1735 2802 pra
1759 2738 1810 2786 in
1844 2737 1858 2763 ‘
1877 2736 2122 2786 adcensi.’
2185 2738 2351 2787 Iidem
2369 2747 2424 2788 et
2447 2739 2692 2789 Ferenta-

1645 2815 1705 2863 rii
1728 2815 1879 2864 Varr.
1899 2813 1965 2862 de
1991 2815 2096 2863 vita
2119 2815 2294 2878 populi
2323 2816 2466 2864 Rom.
2499 2816 2588 2866 lib.
2606 2832 2720 2872 ιιι..

1646 2890 1662 2917 ⁴
1686 2893 1770 2942 De
1811 2891 2106 2955 ascriptivis
2144 2907 2259 2941 cum
2284 2901 2434 2942 erant
2457 2895 2695 2945 attributi

1645 2967 2024 3018 Decurionibus
2068 2977 2120 3018 et
2157 2968 2573 3034 Centurionibus,
2610 2973 2696 3037 qni

1644 3062 1820 3097 eorum
1870 3047 2120 3098 baberent
2152 3062 2439 3114 numerum,
2483 3050 2692 3101 adcensi

1646 3124 1985 3176 vocabantur.
2021 3125 2240 3175 Eosdem
2256 3127 2411 3175 etiam
2437 3129 2694 3179 vocabant

1639 3202 1946 3254 ferentarios
1982 3204 2069 3270 qui
2107 3203 2482 3269 depugnabant
2507 3207 2690 3270 pugnis

1637 3289 1692 3330 et
1731 3279 2008 3345 lapidibus,
2049 3280 2108 3331 iis
2150 3282 2306 3330 armis
2344 3297 2460 3347 quae
2500 3281 2692 3335 ferren-

1639 3366 1725 3407 tur
1749 3373 1849 3409 non
1881 3374 1995 3424 qum
2035 3357 2368 3408 tenerentur!
2401 3360 2552 3410 Idem.

1705 3444 1729 3469 ⁸
1760 3436 1863 3487 Atii
1894 3433 2127 3497 rorarios]
2162 3433 2429 3486 Adceusos
2460 3445 2632 3486 tamen
2663 3452 2700 3496 a

1586 3561 1603 3572 ,
1639 3513 1848 3564 rotariis
1891 3513 2122 3564 diversos
2164 3512 2342 3572 fuisse,
2387 3515 2468 3565 vel
2515 3515 2690 3565 unicus

1641 3591 1816 3640 Plauti
1840 3590 1983 3640 locus
2007 3589 2162 3640 fidem
2189 3589 2371 3653 faciet,
2403 3606 2468 3641 ex
2505 3592 2693 3641 Frivol.

1633 3670 1648 3696 ‘
1675 3667 1959 3734 Sequimini
2000 3667 2091 3717 Me
2136 3668 2232 3717 hac
2270 3667 2420 3716 sultis
2464 3668 2692 3730 legiones

1641 3758 1818 3793 omues
1868 3745 2134 3793 Lavernae.
2180 3742 2266 3792 ubi
2301 3744 2481 3793 rorarii
2516 3740 2690 3794 Estis?

1641 3821 1878 3871 Ensunt.
1944 3820 2046 3870 Ubi
2070 3828 2186 3869 sunt
2207 3821 2448 3869 accensi?
2514 3821 2692 3872 Ecce.’

1643 3898 1844 3948 Rorarii
1865 3905 2038 3948 autern
2069 3896 2197 3947 dicti
2221 3912 2252 3946 a
2274 3911 2401 3958 rore,
2434 3896 2451 3925 ‘
2476 3898 2561 3963 qui
2587 3898 2692 3949 bel-

1640 3976 1744 4025 lum
1785 3975 2182 4026 committebant
2219 3982 2356 4036 ante,
2392 3974 2511 4024 ideo
2554 3976 2689 4041 quod

1641 4062 1762 4103 ante
1784 4060 1940 4114 rorat,
1970 4066 2119 4116 quam
2149 4051 2316 4116 pluit,'
2341 4052 2494 4103 Varr.
2518 4051 2610 4104 lib.
2640 4067 2689 4103 ν.

1642 4128 1706 4178 de
1732 4129 1789 4177 1..
1811 4128 1867 4176 L.
1901 4127 2051 4177 Idem.

1702 4206 1726 4240 ὓ
1750 4207 2002 4267 Adreclata
2023 4205 2326 4270 [Ad-sectata]
2347 4208 2563 4259 Veteres
2585 4206 2690 4256 edi·

1640 4283 1823 4347 tiones,
1857 4284 2130 4344 Adfectata.
2209 4283 2397 4336 Recte.
2477 4285 2688 4337 Plautus
