3020 4853
409 369 503 429 nn
552 365 968 416 vssanomm
1015 362 1657 414 stemmati-rmus
1707 362 1854 411 ms.
1904 362 2090 412 xm.
2263 348 2396 415 515

275 512 503 589 dendo,
554 511 736 598 qnod
790 510 1012 576 caedat
1061 509 1335 593 grandis
1379 508 1620 594 globos
1667 516 1893 589 terrae,
1940 530 2095 577 cum
2145 510 2388 577 Cicero

281 616 733 684 venustissime
763 616 948 681 dicat
980 616 1066 680 ab
1100 613 1509 680 occaecando
1536 613 1757 697 fruges
1789 621 2003 679 satas.

207 721 470 800 occare,
524 726 591 787 et
637 727 910 786 occator
962 721 1049 784 ab
1097 718 1468 785 occidendo
1521 718 1797 796 dictum,
1844 720 2028 804 quod
2121 720 2398 805 [PAUh.

279 824 564 908 grandes,
582 831 775 890 terrae
806 822 1029 891 caedat
1057 824 1318 908 globos.

205 928 481 995 Occasio
513 929 976 1015 opportunitas
1004 929 1327 1013 temporis
1357 946 1523 994 casu
1557 925 1846 1012 quodam
1886 948 2043 1014 pro·
2129 928 2391 1014 [Fsss‘r.

285 1034 606 1099 venientis
640 1028 770 1097 est.

206 1136 507 1217 Occasio,
542 1136 1002 1222 opportunitas
1032 1135 1353 1220 temporis
1389 1154 1558 1200 casu
1588 1136 2021 1220 proveniens.
2124 1139 2402 1223 [Pauo.

208 1238 561 1321 OccasuS,¹’
591 1240 899 1306 interitus
923 1243 1030 1306 vel
1062 1241 1270 1319 Solis,
1304 1261 1456 1306 cum
1490 1240 1742 1308 decidit
1771 1262 1813 1307 a
1845 1243 2107 1325 superis
2149 1244 2406 1328 [Fam.

283 1343 450 1410 infra
505 1351 754 1410 terras:
812 1364 946 1429 quo
1001 1345 1340 1409 vocabulo
1398 1344 1654 1408 Ennius
1710 1363 1829 1427 pro
1882 1347 2246 1412 occasione
2297 1354 2404 1411 est

279 1468 436 1516 usus
467 1448 537 1514 in
569 1449 745 1515 libro
777 1449 1111 1516 secundo:
1162 1448 1300 1513 Hic
1346 1466 1636 1514 occasus
1669 1449 1872 1515 datus
1905 1456 2033 1530 est,
2065 1471 2147 1517 ac
2181 1451 2406 1517 Hora-

285 1552 411 1617 tius
443 1552 739 1618 inclutus
771 1553 1002 1618 saltus
1088 1552 1258 1618 Item
1290 1553 1356 1617 in
1386 1551 1558 1617 libro
1607 1553 1882 1636 quinto=
1928 1555 2163 1639 Injicit
2192 1555 2406 1621 irrita-

285 1662 639 1735 tuS,=tenet,
671 1676 958 1723 occasus
978 1657 1181 1742 juvat
1211 1676 1342 1724 res.
1432 1655 1602 1722 Item
1635 1656 1704 1720 in
1736 1656 1909 1723 libro
1938 1664 2217 1725 octavo:
2265 1658 2409 1723 Aut

177 1841 184 1847 Ι
286 1778 571 1826 occasus
604 1761 721 1825 ubi
753 1768 1098 1845 tempusve
1130 1760 1377 1826 audere
1408 1760 1751 1843 repressit.

212 1858 531 1955 Occasus,
561 1864 862 1931 interitus
893 1866 1001 1931 vel
1033 1866 1214 1931 Solis
1244 1867 1314 1931 in
1345 1864 1623 1929 Oceano
1652 1863 1920 1929 mersio.
2134 1867 2327 1950 [Pau
2339 1883 2408 1932 1..

210 1964 578 2035 Occentare„
615 1969 924 2034 dicebant
952 1989 1075 2054 pro
1106 1968 1489 2035 convicium
1520 1966 1770 2047 facere,
1815 1986 1966 2033 cum
2001 1967 2069 2033 id
2101 1970 2306 2048 clare,
2338 1977 2410 2035 et

288 2090 435 2136 cum
468 2072 767 2159 quodam
801 2092 1036 2139 canore
1069 2073 1285 2153 fieret3
1324 2079 1400 2138 ut
1434 2072 1677 2157 procul
1708 2073 2015 2139 exaudiri
2045 2074 2415 2159 potuisset:

286 2177 460 2259 quod
494 2184 686 2261 turpe
711 2178 1116 2261 habebatur3
1157 2177 1316 2263 quia
1345 2196 1480 2242 non
1510 2177 1655 2241 sine
1684 2197 1895 2242 cansa
1926 2176 2070 2243 fieri
2102 2178 2413 2264 putatur³

288 2279 439 2345 inde
465 2282 872 2347 cantilenam
905 2282 1065 2362 dici,
1111 2284 1271 2367 quia
1316 2278 1549 2347 illam⁶
1594 2300 1727 2346 non
1758 2286 1997 2347 cantus
2016 2281 2407 2373 jucundita-

293 2389 425 2451 tem
455 2391 651 2471 puto.

213 2483 719 2556 occentassintc
765 2490 1025 2575 antiqui
1060 2489 1398 2569 dicebant,
1443 2488 1623 2574 quod
1655 2508 1829 2554 nunc
1863 2490 2094 2556 convi—
2151 2487 2408 2573 [Fsssr.

1117 2655 1485 2677 ‘nuum‘

268 2759 297 2806 4
349 2757 482 2808 Vide
533 2760 819 2811 Notas.—6
857 2760 955 2810 Vir
1008 2761 1151 2812 doct.
1199 2760 1250 2810 in
1298 2774 1462 2822 marg.
1502 2758 1586 2809 ed.
1628 2758 1766 2808 Scai.
1813 2757 2028 2823 conjicit
2070 2757 2411 2824 putabatur.—

212 2820 243 2866 6
272 2819 287 2847 ‘
311 2823 611 2889 Verba‚qui
648 2826 785 2876 illum
823 2827 1071 2878 videntur
1109 2826 1359 2877 mutanda
1394 2826 1443 2875 in
1482 2827 1738 2891 querellam
1763 2833 1820 2875 ut
1844 2825 2042 2890 antiqui
2078 2825 2413 2877 scribebant!

217 2884 351 2940 Fuso.
379 2891 546 2943 Uniu-
615 2893 749 2944 Vide
781 2890 934 2946 infra.

1199 3025 1244 3076 N
1256 3023 1417 3074 OTAE

214 3134 425 3203 cedere,
447 3143 752 3196 βωλοκοπεῖν
787 3140 962 3192 Groeci
988 3149 1274 3206 exponunt.
1355 3137 1593 3188 Horatius
1636 3135 1833 3188 incluta'
1877 3139 2022 3188 atta.
2107 3135 2206 3187 Vei
2244 3135 2415 3188 fortcz

215 3210 372 3263 Ῑιοοιιι
403 3217 675 3269 Ciceronis
709 3225 791 3268 est
828 3218 880 3266 in
912 3219 1045 3268 libro
1080 3218 1146 3268 de
1180 3218 1272 3267 Se·
1339 3215 1457 3265 'Hic
1493 3213 1676 3265 ocem’
1698 3213 1831 3264 dutu’
1864 3220 1951 3273 ert,
1982 3221 2037 3265 at
2074 3215 2312 3265 Horatius
2343 3217 2416 3265 ιἰι-

213 3300 433 3343 uectore.
504 3294 577 3345 Et
615 3294 685 3345 ibi
708 3295 908 3346 fallitur
932 3296 1151 3358 Cicero;
1179 3309 1273 3344 ue·
1353 3294 1507 3342 elutus
1528 3298 1655 3343 mu.
1725 3295 1805 3343 De
1829 3293 2052 3343 Horatio
2074 3294 2159 3359 qui
2184 3302 2299 3344 artu
2315 3293 2417 3343 Cu-
2438 3343 2439 3346 ,

214 3379 307 3428 que
343 3371 478 3421 enim
513 3387 673 3422 occare
711 3380 795 3423 est
827 3373 893 3423 ab
927 3375 1146 3436 necundo,
1181 3372 1273 3423 sed
1357 3370 1533 3419 riatios
1556 3370 1837 3434 superavit.
1872 3370 1997 3420 Duc.

215 3442 275 3493 ab
310 3450 599 3513 medendo,
630 3452 732 3513 vel,
758 3459 814 3501 ut
838 3451 1047 3516 qnidam
1072 3450 1273 3512 volunt,
1418 3455 1441 3481 ⁶
1478 3448 1832 3513 occentassint]
1872 3448 2151 3513 Reperitur
2184 3449 2283 3499 hoc
2308 3461 2419 3498 ver·

213 3517 277 3568 ab
294 3520 526 3574 Hebraeo
543 3526 722 3588 dulcare,
740 3527 1106 3577 comminuere.
1142 3526 1275 3577 Vide

217 3598 416 3649 omniuo
442 3601 662 3653 Salmas.
688 3603 739 3651 in
761 3602 918 3653 Soiin.
954 3603 1080 3653 Duc.

272 3675 297 3710 θ’
335 3677 570 3742 Oce-m]
597 3681 950 3732 Glossarium:
985 3684 1001 3710 ‘
1021 3682 1275 3749 Occasus,

213 3752 518 3814 ohannem*
585 3759 832 3809 Putarem
863 3760 1083 3810 Ennium
1110 3759 1275 3824 scrip·

215 3832 368 3886 sisse:
415 3838 483 3886 Ut
519 3840 659 3888 datu
691 3844 764 3889 est
799 3854 1006 3902 occu-rus,
1042 3839 1277 3889 Horatius

217 3907 406 3961 incente
453 3917 599 3964 uultu.
689 3916 1039 3966 Describcbat
1081 3916 1275 3966 Ennius

219 3984 571 4052 Horatiorum,
613 4000 670 4044 ct
713 3992 1061 4044 Curiatiorum
1109 4001 1276 4045 certa-

219 4077 352 4117 men.
386 4069 498 4119 ἆυ.
523 4069 648 4120 Scul-

286 4144 518 4211 Oecasus]
550 4148 748 4213 Supple
782 4162 850 4198 ex
874 4148 1146 4213 Epitouie:
1185 4150 1279 4199 Oc·

219 4234 352 4271 cusu
373 4223 620 4289 interitus,
638 4227 712 4277 vel
728 4226 844 4276 selis
865 4226 1036 4276 mersio
1058 4241 1184 4287 σιιιιι,
1198 4230 1279 4292 ξε.

224 4296 397 4351 Verba
420 4302 599 4355 Ennii:
636 4303 738 4356 Hie
759 4305 938 4354 occasu·
957 4303 1088 4355 daeu’
1114 4311 1206 4370 est,
1228 4312 1278 4356 at

1356 3525 1476 3575 bum
1513 3527 1566 3576 in
1600 3525 1876 3576 duodecim
1907 3526 2116 3590 tabuiis,
2139 3532 2198 3576 ut
2221 3525 2418 3576 refere-

1356 3602 1447 3652 bat
1486 3603 1673 3654 Cicero
1713 3602 1803 3652 lib.
1824 3615 1902 3653 ιν.
1938 3602 2003 3651 de
2043 3601 2247 3666 Repub.
2284 3609 2419 3652 teste

1356 3679 1494 3743 Aug.
1534 3681 1624 3729 nb.
1650 3693 1713 3729 ιι.
1755 3694 1872 3744 cap.
1907 3683 1956 3728 9.
1995 3680 2060 3728 de
2100 3679 2257 3728 Civit.
2295 3679 2415 3730 Dei.

1359 3759 1559 3808 Ultima
1594 3758 1754 3806 verba
1788 3756 2033 3806 mendosa
2069 3764 2220 3817 tuntg
2255 3757 2304 3806 ic
2333 3763 2420 3807 ve-

1358 3835 1458 3885 teri
1482 3835 1633 3891 libro,
1660 3848 1760 3882 ιιιιι
1795 3833 1949 3884 litera
1970 3841 2172 3883 tentum
2197 3833 2420 3886 diversa.

1361 3913 1553 3962 Condico
1574 3911 1708 3960 euim
1733 3911 1837 3961 inte
1863 3925 1955 3974 pro
1977 3917 2145 3962 cunm
2166 3913 2420 3977 ncriptum

1357 4000 1452 4043 est.
1523 3988 1759 4042 Gabrieii
1783 3988 2004 4047 Fae'rno,
2026 3990 2226 4055 optimo
2249 4006 2423 4042 emen-

1359 4069 1531 4120 datori
1554 4068 1779 4119 omuium
1799 4067 2066 4125 librorum,
2087 4067 2293 4119 videtur
2310 4083 2421 4120 esre

1358 4147 1707 4204 scribendum,
1740 4148 1850 4198 inde
1876 4147 2159 4198 cantilenam
2181 4148 2277 4198 dici
2310 4163 2421 4212 que-

1360 4228 1524 4277 renam
1567 4241 1660 4276 ιιοιι
1700 4231 1868 4277 cantus
1906 4225 2260 4288 jucunditatem
2288 4231 2421 4292 pute.

1362 4306 1488 4358 Aut.
1516 4306 1650 4371 Aug.
