3020 4853
525 329 621 375 οε
668 325 1079 380 vnnaomm
1129 330 1753 387 snemmcs'rmna·
1794 339 1936 388 me.
1987 342 2130 393 ιιι.
2298 331 2429 398 465

333 488 448 555 que
475 469 527 533 si
552 468 803 557 quando,
829 496 1092 539 arescere
1121 475 1465 564 contigisset
1493 481 1752 547 subseri
1777 485 2050 572 sumique
2086 507 2158 551 er
2187 509 2258 554 ea
2287 512 2422 555 sur-

335 570 496 635 culos
530 572 794 657 jussisse,
844 599 960 661 quo
981 580 1191 660 sacto
1222 587 1439 650 tantos
1468 581 1639 647 intra
1673 588 1956 670 temporis
2001 598 2236 655 tractus
2282 615 2419 659 cum

332 672 470 737 alioe
501 675 565 738 in
594 697 661 740 eo
689 677 843 743 loco
873 682 1227 765 complures
1232 683 1400 766 ficus
1430 697 1627 750 enatae
1659 689 1885 769 esseut)
1911 718 1936 749 ι.
1952 700 2093 776 tque
2122 715 2202 757 eoe
2231 696 2427 762 evul-

332 797 417 841 sae
448 777 675 844 deinde
696 778 769 843 de
796 802 967 844 sacro
998 782 1107 847 illo
1154 783 1281 849 Ioco
1324 785 1619 853 radicitus
1660 806 2183 861 removerentur:
2225 820 2425 864 omnes
2494 782 2498 786 .

329 900 464 965 quae
505 879 665 944 inibi
711 891 852 946 tunc
899 888 1180 969 temporis
1223 897 1430 967 erant,
1480 890 1673 960 ficum
1714 905 1939 978 praeter
1987 920 2174 964 unam
2220 899 2419 972 illam,

327 982 561 1066 ejectas-
564 979 820 1068 fuisse,
862 987 1190 1054 admonitu
1212 990 1430 1072 fatali
1478 1017 1550 1058 ac
1586 995 1764 1080 jussu
1813 1004 1879 1062 in
1913 1002 2137 1085 primis
2181 1004 2423 1088 aruspi-

327 1104 476 1150 cum
505 1092 575 1151 et
602 1086 837 1152 divinis
864 1089 1046 1166 etiam
1078 1095 1368 1178 responsis
1387 1100 1885 1181 promittentibus
1914 1104 2190 1189 quandiu
2223 1129 2293 1171 ea
2322 1107 2423 1173 vi-

324 1194 508 1253 veret
535 1189 882 1255 libertatem
899 1194 1122 1278 populi
1148 1194 1420 1264 Romani
1445 1197 1802 1269 incolumem
1823 1227 2192 1277 mansuram
2223 1205 2410 1277 ideo·-

325 1311 444 1374 que
471 1290 593 1354 coli
620 1303 680 1358 et
706 1293 934 1360 subseri
959 1319 1031 1361 ex
1059 1297 1168 1362 illo
1196 1310 1461 1386 tempore
1491 1317 1775 1391 caeptam.

248 1389 523 1460 Navitas
553 1396 958 1463 secundum*
988 1403 1419 1489 incorruptam
1442 1409 1802 1507 consuetudi
1809 1432 1943 1476 nem
1971 1412 2209 1493 dictust,
2244 1436 2419 1499 quos

321 1515 493 1562 nunc
527 1497 641 1563 nos‘
666 1510 890 1566 nautas
918 1501 1194 1585 dicimus,
1237 1508 1400 1576 testis
1426 1520 1515 1580 est
1546 1510 1721 1578 Cato
1749 1515 1817 1579 in
1846 1535 1932 1581 ea
1958 1535 2166 1600 quam
2209 1519 2414 1603 scrip-

297 1837 463 1890 ¹A1ioe
483 1841 624 1891 ineo
647 1842 743 1891 loco
762 1845 1148 1913 compluresflcus
1169 1859 1279 1899 ena-
1359 1858 1530 1903 amas
1560 1854 1777 1919 dicam,
1810 1857 1947 1906 testis
1979 1862 2050 1907 est
2089 1859 2166 1910 M.
2213 1861 2331 1910 Cato
2359 1860 2412 1910 ia

239 1921 299 1964 toe
335 1918 515 1982 ment]
546 1917 679 1990 Ideq
713 1921 866 1970 altam
897 1923 1092 1987 sylvam
1132 1933 1281 1977 vorat
1360 1945 1433 1994 ea,
1474 1946 1613 1995 quam
1650 1934 1860 1999 scripsit,
1906 1950 2010 1984 cum
2040 1934 2093 1983 in
2127 1936 2415 2000 Hispaniam

242 1989 450 2055 Dionys.
472 1993 566 2043 lib.
592 2008 628 2045 1.
660 1994 737 2044 καὶ
774 1995 832 2055 ἣν
858 1997 953 2063 ’γάρ
971 2017 1044 2050 τις
1078 2002 1132 2049 οὗ
1159 2002 1283 2052 πολὺ
1353 2007 1743 2072 proficisceretur,
1783 2024 1885 2059 cum
1923 2011 2025 2060 ait.-
2074 2012 2249 2061 navita
2292 2015 2410 2076 quod

243 2067 427 2132 ἀπέχων
448 2069 570 2135 ἱερὸς
601 2076 753 2137 χῦρος
783 2074 874 2140 ὕλῃ
905 2078 1068 2145 βαθείᾳ
1089 2096 1280 2144 ervmpe-
1359 2098 1512 2133 secum
1545 2093 1849 2150 portaverant
1883 2089 2044 2137 υἰιιιηπ
2078 2096 2216 2153 atque
2246 2092 2414 2155 oleum,

236 2144 341 2206 φὴς,
374 2154 389 2176 ⁴
412 2148 542 2197 Erat
574 2150 712 2200 enim
746 2152 967 2215 quidam,
997 2169 1096 2205 non
1132 2157 1282 2221 longe
1360 2174 1470 2208 usus
1500 2166 1686 2211 tantum
1717 2178 1770 2211 eo
1796 2178 1915 2211 sum·
1979 2164 2130 2217 Quod
2163 2165 2271 2216 ime
2306 2167 2415 2218 sint

239 2220 440 2288 distans,
456 2238 607 2275 sacer
622 2227 782 2291 loeus,
796 2230 941 2293 sylva
959 2231 1063 2280 alta
1081 2232 1284 2282 tectus?
1362 2248 1427 2283 ex
1462 2235 1552 2284 ma
1587 2237 1820 2286 oratione
1853 2239 2081 2302 Catonis,
2118 2239 2410 2291 confirmari

238 2298 418 2350 Ennius
439 2318 647 2368 quoqne
666 2318 780 2354 cum
804 2305 869 2355 de
888 2322 950 2357 ea
973 2321 1029 2357 re
1046 2309 1281 2373 loquere·

239 2381 333 2439 tur,
354 2378 484 2429 unde
510 2379 599 2429 iila
622 2394 712 2430 sua
737 2382 1058 2447 transcripsit
1083 2384 1281 2449 Diony-

234 2452 331 2502 sius
378 2470 527 2521 paene
586 2456 651 2507 ad
696 2446 930 2522 verrium,
974 2474 1073 2510 non
1130 2462 1285 2512 aliter

233 2542 374 2594 qnam
409 2533 606 2598 sylvam
647 2543 813 2593 vocat,
845 2535 1033 2587 Annal.
1063 2551 1103 2588 1.
1140 2540 1156 2565 ‘
1180 2539 1283 2587 En·

233 2603 465 2670 dotnetur
487 2608 566 2658 ibi
605 2609 745 2673 lupu’
777 2608 979 2667 femina,
1017 2610 1304 2677 conspicio‘

231 2694 437 2735 amnem.
504 2685 646 2735 Hinc
678 2700 910 2751 campum
942 2689 1099 2739 celeri
1131 2705 1283 2753 passu

234 2770 494 2819 permensa
529 2774 811 2825 parumper
847 2762 1069 2826 Conjicit
1097 2763 1149 2813 in
1192 2766 1280 2815 sil·

230 2845 339 2882 vam
376 2840 524 2886 sese)
579 2835 705 2887 διαὶ.
772 2838 876 2887 Hic
916 2839 1101 2889 iterum
1140 2849 1284 2891 errat

233 2905 474 2972 Scaliger,
497 2911 589 2978 qui
613 2914 902 2977 complures
920 2913 1032 2964 illas
1053 2913 1199 2978 ficus,
1213 2931 1279 2966 ex

233 2981 327 3033 ficu
348 2985 517 3037 Navia
537 2997 866 3052 propagatas,
882 2989 1148 3043 confundit
1162 3008 1276 3043 cum

233 3061 368 3124 sylva
391 3063 498 3123 illa,
520 3079 638 3130 quae
662 3080 821 3132 prope
846 3066 998 3116 ficum
1032 3069 1277 3121 Rumina·

1362 2317 1509 2360 certo
1532 2319 1703 2374 potest
1726 2328 1790 2362 ex
1815 2312 2054 2378 Apuleio,
2077 2316 2163 2379 qni
2193 2316 2245 2365 in
2270 2315 2409 2381 Apo·

1361 2385 1493 2450 logia
1530 2401 1622 2438 sua
1671 2387 2009 2454 fragmentum
2051 2391 2182 2441 citat
2216 2406 2282 2441 ex
2324 2407 2411 2445 ea·

1360 2460 1476 2511 dem
1501 2464 1754 2527 oratioue,
1774 2464 1909 2529 quod
1931 2480 2031 2515 nou
2050 2467 2204 2531 longe
2227 2467 2292 2517 ab
2314 2468 2409 2538 hoc

1361 2535 1584 2589 abfnlsse
1629 2540 1864 2590 videtur:
1921 2541 2078 2591 verba
2138 2542 2250 2606 ejus
2294 2544 2409 2594 haee

1359 2621 1479 2665 sunt
1500 2632 1515 2665 ε
1553 2623 1567 2644 ·
1589 2616 1665 2664 Μ.
1686 2625 1858 2667 antem
1881 2616 2011 2668 Cato
2041 2618 2164 2667 nihil
2181 2629 2411 2684 opertus,

1359 2682 1416 2740 ut
1462 2691 1550 2741 alii
1594 2692 1660 2742 de
1703 2709 1758 2743 se
1804 2693 2166 2758 praedicarent,
2205 2695 2316 2759 ipse
2353 2696 2406 2745 in

1356 2768 1588 2819 oratione
1631 2771 1877 2834 scriptum
1934 2771 2140 2835 reliquit
2189 2786 2305 2821 cum
2354 2774 2406 2823 in

1360 2842 1664 2907 Hispaniam
1719 2847 1898 2895 consul
1957 2844 2407 2910 proficisceretur:

1358 2927 1464 2969 tres
1504 2934 1679 2969 servos
1718 2922 1852 2973 solos
1895 2935 1960 2971 ex
2015 2921 2140 2970 urbe
2184 2920 2407 2980 duxisse.

1357 2997 1593 3061 quoniam
1618 2997 1680 3046 ad
1700 2997 1869 3047 villam
1893 2995 2148 3060 publicam
2167 3007 2404 3048 venerat:

1356 3087 1538 3136 parum
1573 3074 1733 3123 visum
1772 3074 1856 3139 qul
1895 3080 2160 3122 uteretur:
2191 3072 2405 3135 jussisse

230 3135 324 3187 lem
346 3139 398 3189 in
422 3141 671 3192 Germalo
693 3142 847 3205 juxta
877 3144 1125 3195 Tiberim.
1194 3147 1274 3199 De
1352 3145 1480 3197 duos
1518 3162 1701 3212 pueros
1737 3148 1787 3197 in
1827 3147 1940 3198 foro
1962 3146 2027 3196 de
2059 3161 2234 3197 mensa
2267 3148 2399 3201 enni:

227 3211 322 3263 ista
342 3217 473 3266 enim
507 3216 874 3283 intelligendus
907 3221 1048 3270 iocus
1083 3223 1273 3288 Diony·
1353 3237 1442 3273 eos
1475 3223 1700 3288 quinque
1735 3224 1785 3273 in
1819 3224 2121 3289 Hispaniam
2160 3223 2404 3275 duxisse!

227 3288 300 3352 sii,
328 3292 413 3356 qui
448 3306 566 3343 eam
590 3293 720 3343 Pani
752 3310 949 3346 sacram
982 3298 1128 3349 dicit.
1196 3299 1271 3350 Ut
1349 3299 1456 3349 Jos.
1482 3298 1611 3348 Scae.
1832 3310 1836 3315 ’

229 3372 281 3415 et
300 3367 382 3418 ille
406 3371 537 3420 alter
564 3371 733 3420 Ennii.
757 3371 880 3423 Dae.

1414 3376 1647 3439 Navitas]
1670 3375 1820 3428 Quod
1847 3382 1991 3441 putat
2015 3379 2200 3427 Festus
2239 3379 2402 3429 navius

285 3438 307 3472 '¹
339 3443 456 3492 Post
490 3445 825 3497 Navia...ta=
856 3449 1128 3514 secundum]
1162 3452 1264 3501 Na·
1345 3466 1458 3500 esse
1493 3467 1524 3501 a
1565 3466 1701 3514 nare,
1747 3459 1799 3501 et
1856 3466 1950 3516 per
1990 3467 2249 3517 syncopen
2296 3450 2402 3503 dici

226 3514 344 3566 vitas
364 3533 455 3583 pro
475 3526 649 3570 muas
669 3522 863 3573 dixisse
897 3523 1146 3575 Catonem
1187 3541 1262 3576 re·
1342 3534 1507 3591 nauta,
1544 3529 1611 3578 ibi
1654 3529 1860 3593 quidem
1897 3528 2088 3578 frustra
2118 3537 2215 3587 est,
2255 3535 2401 3577 nauta

228 3587 342 3653 fert,
370 3602 446 3656 et,
477 3603 539 3647 ut
572 3597 811 3656 arbitror,
854 3600 940 3649 ille
983 3602 1122 3650 locus
1167 3609 1266 3666 est,
1347 3604 1481 3653 enim
1505 3612 1587 3654 est
1610 3619 1641 3652 a
1663 3604 1850 3667 ναύτης,
1872 3603 2004 3652 unde
2029 3618 2124 3667 per
2141 3604 2401 3666 Epenthe·

228 3680 369 3729 quem
391 3670 592 3721 Plinius
616 3672 788 3723 laudat
811 3674 900 3724 lib.
919 3685 1033 3725 xlv.
1056 3692 1171 3741 cap.
1188 3683 1267 3729 13.
1346 3681 1424 3727 sin
1446 3679 1625 3728 mita.
1670 3679 1835 3728 Porro
1855 3679 2031 3728 eadem
2051 3678 2262 3728 Catonis
2286 3693 2399 3728 ver·

228 3748 244 3770 “
262 3744 389 3796 Cato
408 3762 526 3799 eum
564 3749 616 3798 in
643 3750 943 3816 Hispaniam
983 3756 1269 3819 navigaret,
1349 3756 1415 3806 ba
1441 3768 1589 3820 paene
1611 3756 1673 3804 ad
1698 3756 1906 3804 verbum
1928 3754 2083 3803 habet
2116 3754 2249 3804 Plin.
2275 3767 2396 3806 nv-

227 3820 356 3875 unde
376 3840 491 3877 eum
513 3828 771 3893 triumpho
790 3830 974 3894 rediit3
995 3846 1092 3882 non
1112 3834 1267 3886 aliud,
1351 3836 1428 3882 13.
1462 3835 1477 3862 ‘
1503 3833 1633 3882 Cato
1655 3846 1770 3881 cnm
1796 3833 1846 3880 in
1871 3830 2168 3894 Hispaniam
2191 3833 2397 3897 naviga·

228 3895 407 3964 inquit,
431 3902 601 3953 vinnm
650 3903 773 3960 bibi,
815 3920 966 3971 quam
1010 3909 1267 3973 remiges!
1348 3916 1445 3969 ret,
1484 3908 1616 3957 unde
1655 3922 1769 3957 cnm
1806 3907 2064 3970 triumpho
2096 3907 2271 3971 rediit,
2293 3924 2393 3958 non

229 3972 360 4026 Vide
393 3979 409 4006 ⁶
434 3978 754 4030 Penatoreae
785 3982 905 4034 Ant.
926 3983 1054 4047 Aug.
1098 4015 1106 4024 -
1346 3985 1499 4043 aliud,
1534 3986 1717 4050 inquit,
1753 3985 1921 4035 vinum
1949 3984 2053 4037 bibi
2073 4000 2222 4052 qnam
2246 3987 2396 4036 remi·

291 4051 517 4118 Navitas]
549 4053 727 4106 Infra:
773 4058 977 4109 Navitas
1017 4063 1266 4111 secundnm
1345 4062 1471 4126 ges!
1502 4062 1625 4112 Duc.

228 4123 537 4192 incorruptum
574 4146 743 4182 morem
782 4134 950 4200 dictos,
992 4152 1105 4200 quos
1144 4152 1265 4187 nunc

351 4207 526 4275 Delph.
543 4215 593 4262 εί
610 4213 723 4265 Var-
743 4213 875 4267 ctas.
1143 4218 1310 4281 Pomp.
1336 4219 1466 4268 Fest-
2146 4223 2177 4269 2
2211 4216 2261 4269 G
