3020 4853
627 321 760 393 578
1298 337 1531 390 ssx'rr
1584 339 1899 389 POMPEH
1953 340 2166 391 essm

718 487 990 554 nautico
1019 506 1171 566 usu,
1217 487 1336 573 qui
1379 492 1576 553 conto
1618 491 2018 582 pertentant,
2064 494 2590 574 cognoscantque
2610 493 2748 557 navi-

717 598 955 675 gantes
980 610 1178 675 aquae
1208 591 1647 658 altitudinem.
1737 589 1847 656 Ob
1879 611 2083 676 quam
2123 612 2399 659 causam
2420 594 2515 659 ait
2534 594 2749 660 Verrius

722 697 932 763 etiam
977 696 1346 762 secundam
1392 697 1720 783 syllabam
1763 716 1883 781 per
1913 695 1974 761 Ο
2006 699 2507 765 solerescribi:
2546 698 2679 764 mihi
2704 700 2750 764 id

718 800 965 868 falsum
999 799 1293 867 videtur:
1336 819 1494 865 nam
1536 808 1643 866 est
1684 800 1801 865 illa
1843 804 2325 885 percunctati0‚
2355 802 2535 888 quod
2571 803 2644 880 is,
2677 804 2753 886 qui

716 906 990 970 curiose
1036 904 1200 989 quid
1247 906 1642 989 interrogat,
1682 925 1801 990 per
1844 914 2084 973 cuncta
2127 908 2337 987 visit‚⁴
2379 915 2454 972 ut
2493 914 2648 972 recte
2680 926 2757 989 per

722 1009 792 1074 U
815 1009 1080 1076 literam
1107 1008 1458 1074 scribatur.

634 1113 1069 1183 Percontatio
1127 1112 1395 1178 videtur
1442 1111 1624 1177 dicta
1678 1131 1769 1176 ex
1821 1132 1949 1176 usu
1998 1114 2292 1191 nautic0,
2347 1114 2504 1199 quia
2556 1112 2760 1192 [Pam.

722 1237 918 1302 aqnae
978 1215 1392 1281 altitudinem
1447 1224 1650 1282 conto
1706 1218 2116 1300 pertentant.
2198 1216 2342 1281 Alii
2401 1217 2621 1282 volunt
2659 1236 2762 1300 per-

722 1320 1220 1386 cunctationem
1250 1317 1407 1396 dici,
1439 1319 1624 1404 quod
1654 1319 1914 1385 scilicet
1942 1320 2027 1398 is,
2056 1320 2174 1405 qui
2201 1322 2508 1386 curiosus
2549 1328 2659 1401 est,
2681 1339 2762 1403 per

726 1435 972 1491 cuncta
1000 1425 1374 1507 interrogat.

636 1529 1156 1609 Petcunctatum
1180 1526 1668 1612 patrisfamiliae
1686 1545 1922 1591 nomen
1941 1536 1967 1574 ‘¹
1995 1547 2077 1591 ne
2103 1526 2258 1611 quis
2279 1546 2549 1593 servum
2576 1527 2768 1610 [FsssT.

720 1634 1025 1711 mitteret,
1071 1633 1215 1715 lege
1247 1643 1553 1697 sanctum
1579 1629 1790 1695 fuisse
1834 1633 1926 1696 ait
1971 1629 2140 1697 Cato
2188 1631 2257 1693 in
2299 1650 2406 1731 ea,
2450 1649 2578 1713 qna
2612 1629 2767 1711 legem

725 1734 1044 1801 Orchiam
1072 1734 1442 1799 dissuadet.

639 1838 986 1904 Perditum
1014 1846 1140 1917 est,
1167 1838 1353 1922 quod
1399 1838 1670 1915 interit,⁵
1718 1857 1799 1903 ac
1830 1837 2204 1922 recuperari
2233 1856 2361 1901 non
2390 1856 2516 1922 po-
2556 1833 2769 1918 [Ριυι.

727 1946 880 2006 test.

636 2042 1042 2123 Perediam,r
1071 2051 1140 2108 et
1169 2044 1491 2111 bibesiam
1518 2043 1805 2110 Plautus
1862 2062 2014 2107 cum
2065 2043 2262 2122 dixit,
2311 2042 2589 2126 intelligi
2614 2037 2771 2106 voluit

725 2148 1169 2233 cupiditatem
1201 2149 1469 2227 edendi,
1501 2156 1569 2215 et
1596 2146 1885 2213 bibendi.

641 2251 1019 2330 Perediam,
1051 2257 1121 2317 et
1155 2252 1485 2317 bibesiam
1527 2251 1813 2317 Plautus
1843 2251 2037 2316 finxit
2081 2269 2208 2315 sua
2252 2270 2545 2317 consue·
2585 2246 2772 2327 [Fasr.

722 2354 978 2432 tudine,
1007 2375 1159 2421 cum
1213 2354 1495 2440 intelligi
1532 2355 1745 2421 voluit
1801 2354 2238 2440 cupiditatem
2296 2354 2566 2435 edendi,
2617 2360 2676 2417 et
2705 2348 2772 2412 bi·

724 2459 971 2525 bendi.⁶

637 2559 954 2646 Peregere
972 2571 996 2612 ⁷
1019 2570 1040 2598 ⁵
1066 2562 1419 2629 dicebatur
1441 2561 1978 2647 expergefacere.

1563 2744 1927 2766 emmeueo

701 2863 734 2909 4
770 2858 786 2887 ‘
807 2860 913 2909 Pro
933 2875 1018 2924 per
1040 2865 1208 2911 cuncta
1229 2859 1345 2910 visit
1370 2866 1504 2910 vett.
1528 2857 1657 2910 libb.
1687 2859 1989 2937 perempto-2·
2020 2859 2117 2908 sit.-
2155 2858 2290 2908 unde
2335 2860 2536 2923 optime
2571 2857 2654 2906 viri
2681 2852 2776 2903 dotti

633 2939 721 2987 per
744 2931 937 2974 cunctas
955 2940 1031 2975 res
1053 2924 1127 2975 it:
1161 2928 1290 2975 Dac.
1293 2931 1387 2974 —5
1421 2926 1546 2975 Vet.
1580 2926 1670 2975 lib.
1705 2925 1910 2975 interiit.
1914 2927 2012 2972 —6
2047 2923 2178 2973 Haec
2215 2931 2338 2982 sunt
2376 2925 2541 2975 verba
2575 2923 2709 2980 Festi,
2731 2921 2776 2966 ist

639 2989 754 3049 quit
792 2989 924 3039 Scal.
963 2990 1090 3040 licet
1136 2989 1188 3038 in
1231 2996 1359 3040 vett.
1419 2988 1544 3042 libb.
1586 3004 1687 3040 non
1725 2996 1845 3039 sunt
1885 2998 2110 3054 reperta.
2116 2993 2209 3038 -7
2248 2990 2400 3055 Legit
2441 2990 2581 3041 Scal-
2613 2989 2776 3049 Para

640 3052 764 3103 vet.
788 3054 880 3104 lib.
901 3054 1058 3105 babet
1081 3049 1314 3116 Peregre.

1634 3221 1683 3272 N
1692 3217 1852 3270 01·AE

704 3340 727 3372 ‘¹
751 3331 1119 3381 Perenne-tutum
1136 3332 1493 3395 patri-gramme
1514 3334 1705 3398 nomen]
1782 3337 2101 3384 commentus
2156 3336 2255 3380 est.
2346 3330 2561 3380 Curcnl.
2611 3335 2697 3378 set.
2722 3337 2778 3373 ιιι.

637 3407 970 3472 Hanslegis
1002 3408 1194 3458 nullum
1229 3410 1352 3460 alibi
1388 3412 1700 3474 vestigium:
1782 3407 2077 3460 §Rhodiam
2111 3415 2268 3471 atque
2302 3406 2543 3470 Lyciam,
2571 3401 2778 3454 Per-edin

635 3483 920 3544 notandum
964 3492 1137 3536 tamen
1202 3486 1329 3537 illud
1371 3488 1702 3552 antiquitatis
1782 3493 1837 3536 et
1869 3484 2245 3545 Perbibesiam,
2284 3487 2383 3533 dec.
2451 3483 2659 3546 Subegit
2687 3480 2779 3529 suits

635 3570 1043 3626 monumentum,
1073 3564 1396 3615 inhonestum
1419 3572 1473 3615 et
1495 3565 1701 3616 indece-
1780 3563 1922 3614 intra
1944 3561 2126 3625 viginti
2150 3559 2298 3610 dies!
2334 3560 2467 3610 Dae.

636 3656 751 3691 rum
781 3640 939 3694 fuisse
966 3642 1103 3707 apud
1140 3642 1334 3708 priscos
1366 3643 1483 3693 ilios
1516 3644 1699 3695 Roma·
1782 3677 1787 3686 .
1844 3647 1863 3672 ⁸
1905 3638 2171 3702 Peregere]
2220 3638 2365 3701 Lego
2414 3638 2643 3700 vergere.-
2687 3632 2777 3682 a&

635 3731 730 3767 nos
783 3733 989 3770 servum
1044 3721 1256 3771 mittere
1303 3727 1699 3785 percunctatum
1780 3719 1797 3745 ‘
1823 3712 2140 3780 pergiscon’
2162 3723 2218 3764 et
2241 3715 2582 3778 compositum
2614 3715 2627 3740 ⁸
2648 3721 2777 3772 espa·

635 3795 1012 3856 patrisfamilias
1058 3811 1261 3854 nomen,
1307 3810 1458 3862 quem
1505 3809 1698 3845 morem
1781 3791 1987 3859 giscor?
2018 3793 2127 3841 Jos.
2148 3791 2273 3841 δοιαὶ.

637 3885 704 3921 ex
726 3872 946 3923 heroicis
965 3872 1286 3938 temporibus
1309 3886 1544 3922 manasse
1572 3871 1698 3921 veri·
1844 3868 2106 3933 peregere]
2130 3869 2267 3932 Lego
2283 3868 2519 3930 Per-gere.
2509 3884 2522 3897 ·
2537 3865 2659 3915 tmde
2674 3864 2687 3891 ‘
2701 3873 2775 3924 pet·

637 3948 805 3997 simile
829 3955 926 3998 est.
962 3950 1113 3999 Idem.
1780 3945 1984 4010 giscor,'
2022 3948 2096 3996 sit
2126 3945 2267 3994 Scsl.
2337 3945 2443 3994 Sed
2478 3944 2596 3993 nibil
2630 3946 2773 3990 mutn-

702 4022 1022 4087 ‘Per-edium]
1059 4025 1234 4077 Plaut.
1258 4026 1311 4074 in
1337 4025 1543 4075 Cui-cul.
1579 4025 1699 4076 Ant.
1778 4023 1933 4073 dum·
1966 4036 2186 4086 peregere
2219 4020 2357 4070 enim
2391 4019 2639 4076 dicebam,
2657 4029 2681 4062 s
2705 4024 2773 4074 quo

637 4083 2773 4165 1¹48·‘Jpergere‘pergiscif‘eapergiss'

704 4176 959 4229 Perediam
981 4182 1029 4226 et
1068 4177 1311 4240 bibesiam]
1346 4179 1448 4228 Eas
1483 4185 1699 4228 venuste
1779 4179 1904 4229 Dae.

639 4251 896 4316 parasitus
923 4253 1067 4318 quasi
1092 4254 1470 4317 provinciarum
1496 4253 1700 4305 nomina
