<?xml version="1.0" encoding="UTF-8"?>
<!DOCTYPE html PUBLIC "-//W3C//DTD XHTML 1.0 Transitional//EN"
    "http://www.w3.org/TR/xhtml1/DTD/xhtml1-transitional.dtd">
<html xmlns="http://www.w3.org/1999/xhtml" xml:lang="en" lang="en">
 <head>
  <title>
</title>
<meta http-equiv="Content-Type" content="text/html;charset=utf-8" />
  <meta name='ocr-system' content='tesseract 3.04.00' />
  <meta name='ocr-capabilities' content='ocr_page ocr_carea ocr_par ocr_line ocrx_word'/>
</head>
<body>
  <div class='ocr_page' id='page_1' title='image "./mverriiflacciqu03flacgoog_0061.png"; bbox 0 0 3020 4853; ppageno 0'>
   <div class='ocr_carea' id='block_1_1' title="bbox 642 332 2160 385">
    <p class='ocr_par' dir='ltr' id='par_1_1' title="bbox 642 332 2160 385">
     <span class='ocr_line' id='line_1_1' title="bbox 642 332 2160 385; baseline 0.003 -6"><span class='ocrx_word' id='word_1_1' title='bbox 642 334 738 380; x_wconf 70' lang='lat' dir='ltr'><strong>DE</strong></span> <span class='ocrx_word' id='word_1_2' title='bbox 788 332 1202 382; x_wconf 80' lang='lat' dir='ltr'>VERBORUM</span> <span class='ocrx_word' id='word_1_3' title='bbox 1254 334 1872 385; x_wconf 70' lang='lat' dir='ltr'><strong>SlGNlFch&#39;rloNss</strong></span> <span class='ocrx_word' id='word_1_4' title='bbox 1926 337 2063 385; x_wconf 69' lang='grc' dir='ltr'><strong><em>[ΑΒ.</em></strong></span> <span class='ocrx_word' id='word_1_5' title='bbox 2118 338 2160 384; x_wconf 79' lang='grc' dir='ltr'><strong>Ι.</strong></span> 
     </span>
    </p>
   </div>
   <div class='ocr_carea' id='block_1_2' title="bbox 2405 322 2492 386">
    <p class='ocr_par' dir='ltr' id='par_1_2' title="bbox 2405 322 2492 386">
     <span class='ocr_line' id='line_1_2' title="bbox 2405 322 2492 386; baseline 0.011 -1"><span class='ocrx_word' id='word_1_6' title='bbox 2405 322 2492 386; x_wconf 81' lang='grc'><strong>55</strong></span> 
     </span>
    </p>
   </div>
   <div class='ocr_carea' id='block_1_3' title="bbox 313 475 2498 570">
    <p class='ocr_par' dir='ltr' id='par_1_3' title="bbox 313 475 2498 570">
     <span class='ocr_line' id='line_1_3' title="bbox 313 475 2498 570; baseline 0.003 -27"><span class='ocrx_word' id='word_1_7' title='bbox 313 475 535 562; x_wconf 72' lang='lat' dir='ltr'><strong>Agea‘</strong></span> <span class='ocrx_word' id='word_1_8' title='bbox 566 480 677 544; x_wconf 85' lang='lat' dir='ltr'><strong>via</strong></span> <span class='ocrx_word' id='word_1_9' title='bbox 704 481 773 545; x_wconf 89' lang='lat' dir='ltr'><strong>in</strong></span> <span class='ocrx_word' id='word_1_10' title='bbox 802 482 955 545; x_wconf 82' lang='lat' dir='ltr'><strong>navi</strong></span> <span class='ocrx_word' id='word_1_11' title='bbox 983 480 1184 559; x_wconf 85' lang='lat' dir='ltr'><strong>dicta,</strong></span> <span class='ocrx_word' id='word_1_12' title='bbox 1215 480 1394 565; x_wconf 90' lang='lat' dir='ltr'><strong>quod</strong></span> <span class='ocrx_word' id='word_1_13' title='bbox 1426 481 1490 546; x_wconf 88' lang='lat' dir='ltr'><strong>in</strong></span> <span class='ocrx_word' id='word_1_14' title='bbox 1513 501 1595 548; x_wconf 90' lang='lat' dir='ltr'><strong>ea</strong></span> <span class='ocrx_word' id='word_1_15' title='bbox 1620 484 1917 549; x_wconf 85' lang='lat' dir='ltr'><strong>maxima</strong></span> <span class='ocrx_word' id='word_1_16' title='bbox 1946 502 2230 570; x_wconf 84' lang='lat' dir='ltr'><strong>quaeque</strong></span> <span class='ocrx_word' id='word_1_17' title='bbox 2253 503 2357 550; x_wconf 87' lang='lat' dir='ltr'><strong>res</strong></span> <span class='ocrx_word' id='word_1_18' title='bbox 2388 487 2498 570; x_wconf 83' lang='lat' dir='ltr'><strong>agi</strong></span> 
     </span>
    </p>
   </div>
   <div class='ocr_carea' id='block_1_4' title="bbox 397 582 592 647">
    <p class='ocr_par' dir='ltr' id='par_1_4' title="bbox 397 582 592 647">
     <span class='ocr_line' id='line_1_4' title="bbox 397 582 592 647; baseline -0.005 -2"><span class='ocrx_word' id='word_1_19' title='bbox 397 582 592 647; x_wconf 87' lang='lat' dir='ltr'><strong>solet.</strong></span> 
     </span>
    </p>
   </div>
   <div class='ocr_carea' id='block_1_5' title="bbox 313 686 2490 880">
    <p class='ocr_par' dir='ltr' id='par_1_5' title="bbox 313 686 2490 880">
     <span class='ocr_line' id='line_1_5' title="bbox 313 686 2448 773; baseline 0.001 -21"><span class='ocrx_word' id='word_1_20' title='bbox 313 686 624 770; x_wconf 81' lang='lat' dir='ltr'><strong>Agedum</strong></span> <span class='ocrx_word' id='word_1_21' title='bbox 653 687 984 771; x_wconf 87' lang='lat' dir='ltr'><strong>significat</strong></span> <span class='ocrx_word' id='word_1_22' title='bbox 1016 708 1137 773; x_wconf 83' lang='lat' dir='ltr'><strong>age</strong></span> <span class='ocrx_word' id='word_1_23' title='bbox 1168 689 1395 754; x_wconf 88' lang='lat' dir='ltr'><strong>modo:</strong></span> <span class='ocrx_word' id='word_1_24' title='bbox 1426 696 1533 755; x_wconf 85' lang='lat' dir='ltr'><strong>est</strong></span> <span class='ocrx_word' id='word_1_25' title='bbox 1562 691 1736 756; x_wconf 89' lang='lat' dir='ltr'><strong>enim</strong></span> <span class='ocrx_word' id='word_1_26' title='bbox 1765 690 2180 757; x_wconf 70' lang='lat' dir='ltr'><strong>adhortantis</strong></span> <span class='ocrx_word' id='word_1_27' title='bbox 2211 712 2448 757; x_wconf 82' lang='lat' dir='ltr'><strong>sermo.</strong></span> 
     </span>
     <span class='ocr_line' id='line_1_6' title="bbox 314 790 2490 880; baseline 0.002 -24"><span class='ocrx_word' id='word_1_28' title='bbox 314 790 549 876; x_wconf 81' lang='lat' dir='ltr'><strong>Agere,</strong></span> <span class='ocrx_word' id='word_1_29' title='bbox 578 793 782 858; x_wconf 91' lang='lat' dir='ltr'><strong>modo</strong></span> <span class='ocrx_word' id='word_1_30' title='bbox 809 792 1149 876; x_wconf 88' lang='lat' dir='ltr'><strong>significat</strong></span> <span class='ocrx_word' id='word_1_31' title='bbox 1177 801 1332 859; x_wconf 80' lang='lat' dir='ltr'><strong>ante</strong></span> <span class='ocrx_word' id='word_1_32' title='bbox 1364 814 1437 859; x_wconf 88' lang='lat' dir='ltr'><strong>se</strong></span> <span class='ocrx_word' id='word_1_33' title='bbox 1466 794 1734 880; x_wconf 88' lang='lat' dir='ltr'><strong>pellere,</strong></span> <span class='ocrx_word' id='word_1_34' title='bbox 1763 795 1831 861; x_wconf 90' lang='lat' dir='ltr'><strong>id</strong></span> <span class='ocrx_word' id='word_1_35' title='bbox 1861 802 1987 875; x_wconf 86' lang='lat' dir='ltr'><strong>est,</strong></span> <span class='ocrx_word' id='word_1_36' title='bbox 2016 797 2291 863; x_wconf 89' lang='lat' dir='ltr'><strong>minare.</strong></span> <span class='ocrx_word' id='word_1_37' title='bbox 2337 796 2490 862; x_wconf 89' lang='lat' dir='ltr'><strong>Vir-</strong></span> 
     </span>
    </p>
   </div>
   <div class='ocr_carea' id='block_1_6' title="bbox 398 897 1822 985">
    <p class='ocr_par' dir='ltr' id='par_1_6' title="bbox 398 897 1822 985">
     <span class='ocr_line' id='line_1_7' title="bbox 398 897 1822 985; baseline 0.003 -25"><span class='ocrx_word' id='word_1_38' title='bbox 398 897 642 978; x_wconf 83' lang='lat' dir='ltr'>gilius:</span> <span class='ocrx_word' id='word_1_39' title='bbox 688 904 759 961; x_wconf 88' lang='lat' dir='ltr'><strong>et</strong></span> <span class='ocrx_word' id='word_1_40' title='bbox 801 908 1036 982; x_wconf 89' lang='lat' dir='ltr'><strong>potum</strong></span> <span class='ocrx_word' id='word_1_41' title='bbox 1082 906 1321 982; x_wconf 85' lang='lat' dir='ltr'><strong>pastas</strong></span> <span class='ocrx_word' id='word_1_42' title='bbox 1375 920 1517 983; x_wconf 85' lang='lat' dir='ltr'><strong>age,</strong></span> <span class='ocrx_word' id='word_1_43' title='bbox 1568 900 1822 985; x_wconf 81' lang='lat' dir='ltr'><strong>Tityre.</strong></span> 
     </span>
    </p>
   </div>
   <div class='ocr_carea' id='block_1_7' title="bbox 1914 901 2497 985">
    <p class='ocr_par' dir='ltr' id='par_1_7' title="bbox 1914 901 2497 985">
     <span class='ocr_line' id='line_1_8' title="bbox 1914 901 2497 985; baseline 0.002 -19"><span class='ocrx_word' id='word_1_44' title='bbox 1914 901 2126 967; x_wconf 86' lang='lat' dir='ltr'><strong>Modo</strong></span> <span class='ocrx_word' id='word_1_45' title='bbox 2171 901 2497 985; x_wconf 82' lang='lat' dir='ltr'><strong>significat</strong></span> 
     </span>
    </p>
   </div>
   <div class='ocr_carea' id='block_1_8' title="bbox 384 996 2499 1403">
    <p class='ocr_par' dir='ltr' id='par_1_8' title="bbox 384 996 2499 1403">
     <span class='ocr_line' id='line_1_9' title="bbox 384 996 2495 1089; baseline 0.004 -25"><span class='ocrx_word' id='word_1_46' title='bbox 384 999 641 1083; x_wconf 85' lang='lat' dir='ltr'><strong>jurgari</strong></span> <span class='ocrx_word' id='word_1_47' title='bbox 666 1021 682 1066; x_wconf 89' lang='lat'>:</span> <span class='ocrx_word' id='word_1_48' title='bbox 708 996 729 1036; x_wconf 73' lang='lat' dir='ltr'>f</span> <span class='ocrx_word' id='word_1_49' title='bbox 766 1007 842 1066; x_wconf 86' lang='lat' dir='ltr'><strong>ut</strong></span> <span class='ocrx_word' id='word_1_50' title='bbox 889 1023 1040 1068; x_wconf 89' lang='lat' dir='ltr'><strong>cum</strong></span> <span class='ocrx_word' id='word_1_51' title='bbox 1081 1002 1392 1083; x_wconf 85' lang='lat' dir='ltr'><strong>dicimus,</strong></span> <span class='ocrx_word' id='word_1_52' title='bbox 1424 1006 1564 1089; x_wconf 87' lang='lat' dir='ltr'><strong>agit</strong></span> <span class='ocrx_word' id='word_1_53' title='bbox 1607 1025 1760 1070; x_wconf 89' lang='lat' dir='ltr'><strong>cum</strong></span> <span class='ocrx_word' id='word_1_54' title='bbox 1807 1027 1889 1071; x_wconf 89' lang='lat' dir='ltr'><strong>eo</strong></span> <span class='ocrx_word' id='word_1_55' title='bbox 1931 1006 2119 1072; x_wconf 83' lang='lat' dir='ltr'><strong>furti:</strong></span> <span class='ocrx_word' id='word_1_56' title='bbox 2163 1007 2364 1073; x_wconf 90' lang='lat' dir='ltr'><strong>modo</strong></span> <span class='ocrx_word' id='word_1_57' title='bbox 2396 1027 2495 1072; x_wconf 87' lang='lat' dir='ltr'><strong>re-</strong></span> 
     </span>
     <span class='ocr_line' id='line_1_10' title="bbox 395 1104 2499 1195; baseline 0.003 -27"><span class='ocrx_word' id='word_1_58' title='bbox 395 1104 716 1190; x_wconf 87' lang='lat' dir='ltr'><strong>pendere:</strong></span> <span class='ocrx_word' id='word_1_59' title='bbox 762 1114 840 1171; x_wconf 89' lang='lat' dir='ltr'><strong>ut</strong></span> <span class='ocrx_word' id='word_1_60' title='bbox 884 1127 1037 1172; x_wconf 87' lang='lat' dir='ltr'><strong>cum</strong></span> <span class='ocrx_word' id='word_1_61' title='bbox 1084 1107 1393 1185; x_wconf 87' lang='lat' dir='ltr'><strong>dicimus,</strong></span> <span class='ocrx_word' id='word_1_62' title='bbox 1426 1111 1676 1193; x_wconf 81' lang='lat' dir='ltr'><strong>gratias</strong></span> <span class='ocrx_word' id='word_1_63' title='bbox 1708 1129 1873 1195; x_wconf 85' lang='lat' dir='ltr'><strong>ago:</strong></span> <span class='ocrx_word' id='word_1_64' title='bbox 1918 1111 2115 1176; x_wconf 89' lang='lat' dir='ltr'><strong>modo</strong></span> <span class='ocrx_word' id='word_1_65' title='bbox 2148 1112 2368 1176; x_wconf 84' lang='lat' dir='ltr'><strong>verbis</strong></span> <span class='ocrx_word' id='word_1_66' title='bbox 2398 1113 2499 1175; x_wconf 89' lang='lat' dir='ltr'><strong>in·</strong></span> 
     </span>
     <span class='ocr_line' id='line_1_11' title="bbox 398 1208 2495 1298; baseline 0.003 -25"><span class='ocrx_word' id='word_1_67' title='bbox 398 1208 734 1276; x_wconf 75' lang='lat' dir='ltr'><strong>dicare2¹⁶</strong></span> <span class='ocrx_word' id='word_1_68' title='bbox 780 1217 850 1276; x_wconf 87' lang='lat' dir='ltr'><strong>ut</strong></span> <span class='ocrx_word' id='word_1_69' title='bbox 880 1232 1032 1277; x_wconf 89' lang='lat' dir='ltr'><strong>cum</strong></span> <span class='ocrx_word' id='word_1_70' title='bbox 1064 1212 1372 1291; x_wconf 81' lang='lat' dir='ltr'><strong>dicimuS,</strong></span> <span class='ocrx_word' id='word_1_71' title='bbox 1406 1233 1682 1280; x_wconf 86' lang='lat' dir='ltr'><strong>causam</strong></span> <span class='ocrx_word' id='word_1_72' title='bbox 1715 1236 1867 1298; x_wconf 83' lang='lat' dir='ltr'><strong>ago.</strong></span> <span class='ocrx_word' id='word_1_73' title='bbox 1956 1215 2137 1294; x_wconf 87' lang='lat' dir='ltr'><strong>Quin</strong></span> <span class='ocrx_word' id='word_1_74' title='bbox 2180 1216 2384 1281; x_wconf 80' lang='lat' dir='ltr'><strong>etiam</strong></span> <span class='ocrx_word' id='word_1_75' title='bbox 2434 1217 2495 1280; x_wconf 85' lang='lat' dir='ltr'><strong>si</strong></span> 
     </span>
     <span class='ocr_line' id='line_1_12' title="bbox 396 1315 2495 1403; baseline 0.003 -26"><span class='ocrx_word' id='word_1_76' title='bbox 396 1315 683 1379; x_wconf 87' lang='lat' dir='ltr'><strong>accessit</strong></span> <span class='ocrx_word' id='word_1_77' title='bbox 712 1322 992 1398; x_wconf 77' lang='lat' dir='ltr'><strong>gestnS,⁸</strong></span> <span class='ocrx_word' id='word_1_78' title='bbox 1032 1324 1097 1383; x_wconf 90' lang='lat' dir='ltr'><strong>et</strong></span> <span class='ocrx_word' id='word_1_79' title='bbox 1130 1318 1355 1382; x_wconf 86' lang='lat' dir='ltr'><strong>vultus</strong></span> <span class='ocrx_word' id='word_1_80' title='bbox 1386 1319 1660 1403; x_wconf 84' lang='lat' dir='ltr'><strong>quidam</strong></span> <span class='ocrx_word' id='word_1_81' title='bbox 1690 1319 1890 1386; x_wconf 87' lang='lat' dir='ltr'><strong>decor</strong></span> <span class='ocrx_word' id='word_1_82' title='bbox 1908 1342 1937 1386; x_wconf 59' lang='lat'><strong>:⁴</strong></span> <span class='ocrx_word' id='word_1_83' title='bbox 1955 1331 2029 1386; x_wconf 89' lang='lat' dir='ltr'><strong>ut</strong></span> <span class='ocrx_word' id='word_1_84' title='bbox 2059 1331 2218 1386; x_wconf 72' lang='lat' dir='ltr'><strong>cuni</strong></span> <span class='ocrx_word' id='word_1_85' title='bbox 2245 1321 2495 1385; x_wconf 82' lang='lat' dir='ltr'><strong>scenici</strong></span> 
     </span>
    </p>
   </div>
   <div class='ocr_carea' id='block_1_9' title="bbox 398 1417 940 1499">
    <p class='ocr_par' dir='ltr' id='par_1_9' title="bbox 398 1417 940 1499">
     <span class='ocr_line' id='line_1_13' title="bbox 398 1417 940 1499; baseline 0.002 -19"><span class='ocrx_word' id='word_1_86' title='bbox 398 1437 592 1499; x_wconf 85' lang='lat' dir='ltr'><strong>agere</strong></span> <span class='ocrx_word' id='word_1_87' title='bbox 615 1417 940 1484; x_wconf 87' lang='lat' dir='ltr'><strong>dicuntur.</strong></span> 
     </span>
    </p>
   </div>
   <div class='ocr_carea' id='block_1_10' title="bbox 312 1518 2494 1715">
    <p class='ocr_par' dir='ltr' id='par_1_10' title="bbox 312 1518 2494 1715">
     <span class='ocr_line' id='line_1_14' title="bbox 312 1518 2493 1611; baseline 0.004 -27"><span class='ocrx_word' id='word_1_88' title='bbox 312 1518 578 1604; x_wconf 75' lang='lat' dir='ltr'><strong>Aginah</strong></span> <span class='ocrx_word' id='word_1_89' title='bbox 630 1530 756 1599; x_wconf 87' lang='lat' dir='ltr'><strong>est,</strong></span> <span class='ocrx_word' id='word_1_90' title='bbox 807 1544 944 1608; x_wconf 92' lang='lat' dir='ltr'><strong>quo</strong></span> <span class='ocrx_word' id='word_1_91' title='bbox 981 1526 1291 1589; x_wconf 87' lang='lat' dir='ltr'><strong>inseritur</strong></span> <span class='ocrx_word' id='word_1_92' title='bbox 1324 1545 1575 1611; x_wconf 83' lang='lat' dir='ltr'><strong>scapus</strong></span> <span class='ocrx_word' id='word_1_93' title='bbox 1607 1529 1908 1593; x_wconf 78' lang='lat' dir='ltr'><strong>trutinae:</strong></span> <span class='ocrx_word' id='word_1_94' title='bbox 1957 1529 2020 1593; x_wconf 92' lang='lat' dir='ltr'><strong>id</strong></span> <span class='ocrx_word' id='word_1_95' title='bbox 2065 1533 2191 1606; x_wconf 88' lang='lat' dir='ltr'><strong>est,</strong></span> <span class='ocrx_word' id='word_1_96' title='bbox 2236 1530 2304 1593; x_wconf 91' lang='lat' dir='ltr'><strong>in</strong></span> <span class='ocrx_word' id='word_1_97' title='bbox 2358 1548 2493 1611; x_wconf 90' lang='lat' dir='ltr'><strong>quo</strong></span> 
     </span>
     <span class='ocr_line' id='line_1_15' title="bbox 394 1622 2494 1715; baseline 0.004 -28"><span class='ocrx_word' id='word_1_98' title='bbox 394 1622 712 1689; x_wconf 84' lang='lat' dir='ltr'><strong>foramine</strong></span> <span class='ocrx_word' id='word_1_99' title='bbox 743 1627 986 1692; x_wconf 86' lang='lat' dir='ltr'><strong>trutina</strong></span> <span class='ocrx_word' id='word_1_100' title='bbox 1011 1649 1083 1692; x_wconf 89' lang='lat' dir='ltr'><strong>se</strong></span> <span class='ocrx_word' id='word_1_101' title='bbox 1113 1631 1345 1695; x_wconf 82' lang='lat' dir='ltr'><strong>vertit:</strong></span> <span class='ocrx_word' id='word_1_102' title='bbox 1396 1630 1571 1696; x_wconf 89' lang='lat' dir='ltr'><strong>unde</strong></span> <span class='ocrx_word' id='word_1_103' title='bbox 1604 1634 1974 1715; x_wconf 86' lang='lat' dir='ltr'><strong>aginatores</strong></span> <span class='ocrx_word' id='word_1_104' title='bbox 2005 1632 2338 1709; x_wconf 86' lang='lat' dir='ltr'><strong>dicuntur,</strong></span> <span class='ocrx_word' id='word_1_105' title='bbox 2381 1631 2494 1715; x_wconf 88' lang='lat' dir='ltr'><strong>qui</strong></span> 
     </span>
    </p>
   </div>
   <div class='ocr_carea' id='block_1_11' title="bbox 393 1720 1339 1811">
    <p class='ocr_par' dir='ltr' id='par_1_11' title="bbox 393 1720 1339 1811">
     <span class='ocr_line' id='line_1_16' title="bbox 393 1720 1339 1811; baseline 0.005 -20"><span class='ocrx_word' id='word_1_106' title='bbox 393 1747 607 1811; x_wconf 86' lang='lat' dir='ltr'><strong>parvo</strong></span> <span class='ocrx_word' id='word_1_107' title='bbox 638 1729 825 1794; x_wconf 90' lang='lat' dir='ltr'><strong>lucro</strong></span> <span class='ocrx_word' id='word_1_108' title='bbox 856 1720 1228 1796; x_wconf 84' lang='lat' dir='ltr'><strong>moventur.</strong></span> <span class='ocrx_word' id='word_1_109' title='bbox 1324 1760 1339 1771; x_wconf 84' lang='lat'><strong>·</strong></span> 
     </span>
    </p>
   </div>
   <div class='ocr_carea' id='block_1_12' title="bbox 1222 1911 1597 1939">
    <p class='ocr_par' dir='ltr' id='par_1_12' title="bbox 1222 1911 1597 1939">
     <span class='ocr_line' id='line_1_17' title="bbox 1222 1911 1597 1939; baseline 0.016 -6"><span class='ocrx_word' id='word_1_110' title='bbox 1222 1911 1560 1939; x_wconf 51' lang='lat' dir='ltr'><strong>omenme</strong></span> <span class='ocrx_word' id='word_1_111' title='bbox 1568 1918 1597 1938; x_wconf 67' lang='lat' dir='ltr'><em>O</em></span> 
     </span>
    </p>
   </div>
   <div class='ocr_carea' id='block_1_13' title="bbox 378 2011 842 2073">
    <p class='ocr_par' dir='ltr' id='par_1_13' title="bbox 378 2011 842 2073">
     <span class='ocr_line' id='line_1_18' title="bbox 378 2011 842 2073; baseline 0.006 -12"><span class='ocrx_word' id='word_1_112' title='bbox 378 2017 440 2062; x_wconf 83' lang='lat'><strong>16</strong></span> <span class='ocrx_word' id='word_1_113' title='bbox 476 2011 579 2064; x_wconf 79' lang='lat' dir='ltr'><strong>Alii</strong></span> <span class='ocrx_word' id='word_1_114' title='bbox 600 2011 842 2073; x_wconf 68' lang='lat' dir='ltr'><strong>judicare.</strong></span> 
     </span>
    </p>
   </div>
   <div class='ocr_carea' id='block_1_14' title="bbox 1301 2154 1515 2206">
    <p class='ocr_par' dir='ltr' id='par_1_14' title="bbox 1301 2154 1515 2206">
     <span class='ocr_line' id='line_1_19' title="bbox 1301 2154 1515 2206; baseline 0.009 -2"><span class='ocrx_word' id='word_1_115' title='bbox 1301 2154 1515 2206; x_wconf 79' lang='lat' dir='ltr'><strong>No&#39;rAE</strong></span> 
     </span>
    </p>
   </div>
   <div class='ocr_carea' id='block_1_15' title="bbox 295 2263 1370 4345">
    <p class='ocr_par' dir='ltr' id='par_1_15' title="bbox 310 2263 731 2328">
     <span class='ocr_line' id='line_1_20' title="bbox 310 2263 731 2328; baseline 0.002 -15"><span class='ocrx_word' id='word_1_116' title='bbox 310 2263 567 2328; x_wconf 75' lang='lat' dir='ltr'><strong>scalpunt.</strong></span> <span class='ocrx_word' id='word_1_117' title='bbox 603 2264 731 2314; x_wconf 80' lang='lat' dir='ltr'><strong>Do&#39;c.</strong></span> 
     </span>
    </p>

    <p class='ocr_par' dir='ltr' id='par_1_16' title="bbox 310 2339 1367 2717">
     <span class='ocr_line' id='line_1_21' title="bbox 371 2339 1364 2410; baseline 0.003 -20"><span class='ocrx_word' id='word_1_118' title='bbox 371 2339 396 2374; x_wconf 74' lang='lat'><strong>¹¹</strong></span> <span class='ocrx_word' id='word_1_119' title='bbox 416 2341 689 2407; x_wconf 67' lang='lat' dir='ltr'><strong>Minoum]</strong></span> <span class='ocrx_word' id='word_1_120' title='bbox 716 2342 829 2391; x_wconf 88' lang='lat' dir='ltr'><strong>Vox</strong></span> <span class='ocrx_word' id='word_1_121' title='bbox 851 2345 1031 2394; x_wconf 75' lang='lat' dir='ltr'><strong>minare</strong></span> <span class='ocrx_word' id='word_1_122' title='bbox 1066 2345 1364 2410; x_wconf 86' lang='lat' dir='ltr'><strong>posteriori-</strong></span> 
     </span>
     <span class='ocr_line' id='line_1_22' title="bbox 312 2419 1367 2488; baseline 0.005 -19"><span class='ocrx_word' id='word_1_123' title='bbox 312 2419 408 2469; x_wconf 82' lang='lat' dir='ltr'><strong>bus</strong></span> <span class='ocrx_word' id='word_1_124' title='bbox 443 2421 650 2471; x_wconf 74' lang='lat' dir='ltr'><strong>saecnlis</strong></span> <span class='ocrx_word' id='word_1_125' title='bbox 685 2432 936 2487; x_wconf 78' lang='lat' dir='ltr'><strong>usurpata</strong></span> <span class='ocrx_word' id='word_1_126' title='bbox 959 2432 1038 2473; x_wconf 83' lang='lat' dir='ltr'><strong>est</strong></span> <span class='ocrx_word' id='word_1_127' title='bbox 1063 2439 1159 2488; x_wconf 89' lang='lat' dir='ltr'><strong>pro</strong></span> <span class='ocrx_word' id='word_1_128' title='bbox 1180 2425 1367 2488; x_wconf 70' lang='lat' dir='ltr'><strong>«lucen,</strong></span> 
     </span>
     <span class='ocr_line' id='line_1_23' title="bbox 310 2498 1365 2559; baseline 0.006 -12"><span class='ocrx_word' id='word_1_129' title='bbox 310 2498 447 2549; x_wconf 83' lang='lat' dir='ltr'><strong>unde</strong></span> <span class='ocrx_word' id='word_1_130' title='bbox 485 2498 607 2549; x_wconf 77' lang='lat' dir='ltr'><strong>Itali</strong></span> <span class='ocrx_word' id='word_1_131' title='bbox 646 2514 857 2559; x_wconf 76' lang='lat' dir='ltr'><strong>menore,</strong></span> <span class='ocrx_word' id='word_1_132' title='bbox 903 2502 1169 2552; x_wconf 73' lang='lat' dir='ltr'><strong>Vascones</strong></span> <span class='ocrx_word' id='word_1_133' title='bbox 1212 2518 1365 2555; x_wconf 69' lang='lat' dir='ltr'><strong>mma.</strong></span> 
     </span>
     <span class='ocr_line' id='line_1_24' title="bbox 312 2575 1365 2640; baseline 0.003 -14"><span class='ocrx_word' id='word_1_134' title='bbox 312 2575 487 2626; x_wconf 80' lang='lat' dir='ltr'><strong>Antea</strong></span> <span class='ocrx_word' id='word_1_135' title='bbox 509 2592 606 2640; x_wconf 88' lang='lat' dir='ltr'><strong>pro</strong></span> <span class='ocrx_word' id='word_1_136' title='bbox 625 2578 819 2630; x_wconf 76' lang='lat' dir='ltr'><strong>minari.</strong></span> <span class='ocrx_word' id='word_1_137' title='bbox 874 2581 1051 2633; x_wconf 81' lang='lat' dir='ltr'><strong>Quare</strong></span> <span class='ocrx_word' id='word_1_138' title='bbox 1075 2580 1188 2631; x_wconf 76' lang='lat' dir='ltr'><strong>liaec</strong></span> <span class='ocrx_word' id='word_1_139' title='bbox 1212 2579 1365 2630; x_wconf 83' lang='lat' dir='ltr'><strong>Pauli</strong></span> 
     </span>
     <span class='ocr_line' id='line_1_25' title="bbox 310 2657 936 2717; baseline 0.008 -14"><span class='ocrx_word' id='word_1_140' title='bbox 310 2661 448 2717; x_wconf 89' lang='lat' dir='ltr'><strong>sunt,</strong></span> <span class='ocrx_word' id='word_1_141' title='bbox 469 2670 572 2704; x_wconf 86' lang='lat' dir='ltr'><strong>non</strong></span> <span class='ocrx_word' id='word_1_142' title='bbox 599 2657 759 2708; x_wconf 84' lang='lat' dir='ltr'><strong>Festi.</strong></span> <span class='ocrx_word' id='word_1_143' title='bbox 792 2657 936 2708; x_wconf 79' lang='lat' dir='ltr'><strong>Idem.</strong></span> 
     </span>
    </p>

    <p class='ocr_par' dir='ltr' id='par_1_17' title="bbox 303 2732 1370 3640">
     <span class='ocr_line' id='line_1_26' title="bbox 369 2732 1366 2802; baseline 0.004 -19"><span class='ocrx_word' id='word_1_144' title='bbox 369 2741 393 2767; x_wconf 59' lang='grc' dir='ltr'>θ</span> <span class='ocrx_word' id='word_1_145' title='bbox 419 2732 583 2796; x_wconf 73' lang='lat' dir='ltr'><strong>Agea]</strong></span> <span class='ocrx_word' id='word_1_146' title='bbox 622 2734 976 2787; x_wconf 74' lang='lat' dir='ltr'><strong>Glossarium:</strong></span> <span class='ocrx_word' id='word_1_147' title='bbox 1015 2736 1240 2802; x_wconf 58' lang='grc' dir='ltr'><strong>ιΑςιιειη</strong></span> <span class='ocrx_word' id='word_1_148' title='bbox 1275 2756 1366 2787; x_wconf 72' lang='grc' dir='ltr'><strong>πα-</strong></span> 
     </span>
     <span class='ocr_line' id='line_1_27' title="bbox 308 2810 1367 2876; baseline 0.006 -16"><span class='ocrx_word' id='word_1_149' title='bbox 308 2810 517 2876; x_wconf 66' lang='grc' dir='ltr'><strong>ραμένων</strong></span> <span class='ocrx_word' id='word_1_150' title='bbox 538 2811 618 2862; x_wconf 74' lang='grc' dir='ltr'><strong>καὶ</strong></span> <span class='ocrx_word' id='word_1_151' title='bbox 649 2810 850 2872; x_wconf 70' lang='grc' dir='ltr'><strong><em>πάροδος</em></strong></span> <span class='ocrx_word' id='word_1_152' title='bbox 877 2813 1096 2866; x_wconf 69' lang='grc' dir='ltr'><strong>πλοίου;’</strong></span> <span class='ocrx_word' id='word_1_153' title='bbox 1131 2816 1217 2867; x_wconf 81' lang='lat' dir='ltr'><strong>nbi</strong></span> <span class='ocrx_word' id='word_1_154' title='bbox 1246 2832 1367 2868; x_wconf 83' lang='lat' dir='ltr'><strong>con·</strong></span> 
     </span>
     <span class='ocr_line' id='line_1_28' title="bbox 305 2888 1368 2955; baseline 0.003 -15"><span class='ocrx_word' id='word_1_155' title='bbox 305 2890 509 2954; x_wconf 84' lang='lat' dir='ltr'><strong>junctio</strong></span> <span class='ocrx_word' id='word_1_156' title='bbox 534 2888 613 2939; x_wconf 71' lang='lat' dir='ltr'><strong>nal</strong></span> <span class='ocrx_word' id='word_1_157' title='bbox 631 2889 888 2955; x_wconf 77' lang='lat' dir='ltr'><strong>superflua</strong></span> <span class='ocrx_word' id='word_1_158' title='bbox 910 2901 1008 2943; x_wconf 79' lang='lat' dir='ltr'><strong>est.</strong></span> <span class='ocrx_word' id='word_1_159' title='bbox 1043 2894 1232 2944; x_wconf 84' lang='lat' dir='ltr'><strong>Cetera</strong></span> <span class='ocrx_word' id='word_1_160' title='bbox 1253 2908 1368 2945; x_wconf 88' lang='lat' dir='ltr'><strong>cor-</strong></span> 
     </span>
     <span class='ocr_line' id='line_1_29' title="bbox 312 2968 1370 3039; baseline 0.005 -22"><span class='ocrx_word' id='word_1_161' title='bbox 312 2968 608 3033; x_wconf 82' lang='lat' dir='ltr'><strong>ruptissima</strong></span> <span class='ocrx_word' id='word_1_162' title='bbox 647 2970 722 3019; x_wconf 83' lang='lat' dir='ltr'><strong>its</strong></span> <span class='ocrx_word' id='word_1_163' title='bbox 765 2971 1010 3033; x_wconf 75' lang='lat' dir='ltr'><strong>legenda:</strong></span> <span class='ocrx_word' id='word_1_164' title='bbox 1048 2972 1205 3034; x_wconf 79' lang='lat' dir='ltr'><strong>Agea,</strong></span> <span class='ocrx_word' id='word_1_165' title='bbox 1243 2972 1370 3039; x_wconf 72' lang='grc' dir='ltr'><strong>παρὰ</strong></span> 
     </span>
     <span class='ocr_line' id='line_1_30' title="bbox 309 3044 1368 3112; baseline 0.004 -16"><span class='ocrx_word' id='word_1_166' title='bbox 309 3044 487 3109; x_wconf 52' lang='grc' dir='ltr'><strong>Ἰωνίᾳ,</strong></span> <span class='ocrx_word' id='word_1_167' title='bbox 506 3045 539 3106; x_wconf 78' lang='grc' dir='ltr'>ἦ</span> <span class='ocrx_word' id='word_1_168' title='bbox 559 3044 761 3112; x_wconf 64' lang='grc' dir='ltr'><strong><em>πάροδος</em></strong></span> <span class='ocrx_word' id='word_1_169' title='bbox 794 3046 981 3098; x_wconf 51' lang='lat' dir='ltr'><strong>thelon.</strong></span> <span class='ocrx_word' id='word_1_170' title='bbox 1052 3049 1279 3101; x_wconf 78' lang='lat' dir='ltr'><strong>Isidorus</strong></span> <span class='ocrx_word' id='word_1_171' title='bbox 1314 3052 1368 3100; x_wconf 81' lang='lat' dir='ltr'><strong>iu</strong></span> 
     </span>
     <span class='ocr_line' id='line_1_31' title="bbox 309 3124 1370 3193; baseline 0.005 -20"><span class='ocrx_word' id='word_1_172' title='bbox 309 3124 663 3188; x_wconf 67' lang='lat' dir='ltr'><strong>etymolossieis</strong></span> <span class='ocrx_word' id='word_1_173' title='bbox 687 3124 775 3174; x_wconf 87' lang='lat' dir='ltr'><strong>lib.</strong></span> <span class='ocrx_word' id='word_1_174' title='bbox 800 3138 920 3176; x_wconf 79' lang='lat' dir='ltr'><strong>xix.</strong></span> <span class='ocrx_word' id='word_1_175' title='bbox 938 3128 955 3156; x_wconf 76' lang='lat'><strong><em>⁴</em></strong></span> <span class='ocrx_word' id='word_1_176' title='bbox 973 3125 1158 3192; x_wconf 81' lang='lat' dir='ltr'><strong>Ages‚&#39;</strong></span> <span class='ocrx_word' id='word_1_177' title='bbox 1182 3129 1370 3193; x_wconf 84' lang='lat' dir='ltr'><strong>inquit,</strong></span> 
     </span>
     <span class='ocr_line' id='line_1_32' title="bbox 307 3202 1367 3272; baseline 0.008 -26"><span class='ocrx_word' id='word_1_178' title='bbox 307 3203 324 3228; x_wconf 75' lang='lat'><strong><em>⁴</em></strong></span> <span class='ocrx_word' id='word_1_179' title='bbox 342 3202 439 3252; x_wconf 74' lang='lat' dir='ltr'><strong>viae</strong></span> <span class='ocrx_word' id='word_1_180' title='bbox 462 3209 602 3265; x_wconf 86' lang='lat' dir='ltr'><strong>sunt,</strong></span> <span class='ocrx_word' id='word_1_181' title='bbox 624 3204 703 3251; x_wconf 77' lang='lat' dir='ltr'><strong>vel</strong></span> <span class='ocrx_word' id='word_1_182' title='bbox 738 3203 852 3253; x_wconf 86' lang='lat' dir='ltr'><strong>loca</strong></span> <span class='ocrx_word' id='word_1_183' title='bbox 878 3205 930 3253; x_wconf 89' lang='lat' dir='ltr'><strong>in</strong></span> <span class='ocrx_word' id='word_1_184' title='bbox 956 3206 1097 3266; x_wconf 84' lang='lat' dir='ltr'><strong>navi,</strong></span> <span class='ocrx_word' id='word_1_185' title='bbox 1134 3220 1231 3269; x_wconf 86' lang='lat' dir='ltr'><strong>per·</strong></span> <span class='ocrx_word' id='word_1_186' title='bbox 1252 3221 1367 3272; x_wconf 78' lang='lat' dir='ltr'><strong>quae</strong></span> 
     </span>
     <span class='ocr_line' id='line_1_33' title="bbox 307 3279 1367 3346; baseline 0.004 -18"><span class='ocrx_word' id='word_1_187' title='bbox 307 3279 371 3328; x_wconf 89' lang='lat' dir='ltr'><strong>ad</strong></span> <span class='ocrx_word' id='word_1_188' title='bbox 394 3281 618 3343; x_wconf 77' lang='lat' dir='ltr'><strong>remiges</strong></span> <span class='ocrx_word' id='word_1_189' title='bbox 646 3280 884 3330; x_wconf 72' lang='lat' dir='ltr'><strong>hortator</strong></span> <span class='ocrx_word' id='word_1_190' title='bbox 909 3281 1143 3332; x_wconf 82' lang='lat' dir='ltr'><strong>accedit:</strong></span> <span class='ocrx_word' id='word_1_191' title='bbox 1177 3282 1241 3331; x_wconf 88' lang='lat' dir='ltr'><strong>de</strong></span> <span class='ocrx_word' id='word_1_192' title='bbox 1265 3297 1367 3346; x_wconf 85' lang='lat' dir='ltr'><strong>qua</strong></span> 
     </span>
     <span class='ocr_line' id='line_1_34' title="bbox 306 3355 1359 3423; baseline 0.003 -18"><span class='ocrx_word' id='word_1_193' title='bbox 306 3355 532 3406; x_wconf 81' lang='lat' dir='ltr'><strong>Ennius:</strong></span> <span class='ocrx_word' id='word_1_194' title='bbox 586 3358 602 3384; x_wconf 86' lang='lat'>‘</span> <span class='ocrx_word' id='word_1_195' title='bbox 619 3356 791 3406; x_wconf 87' lang='lat' dir='ltr'><strong>Multa</strong></span> <span class='ocrx_word' id='word_1_196' title='bbox 826 3355 1012 3420; x_wconf 81' lang='lat' dir='ltr'><strong>forom,</strong></span> <span class='ocrx_word' id='word_1_197' title='bbox 1056 3365 1240 3422; x_wconf 87' lang='lat' dir='ltr'><strong>pontes</strong></span> <span class='ocrx_word' id='word_1_198' title='bbox 1282 3366 1359 3423; x_wconf 86' lang='lat' dir='ltr'><strong>et,</strong></span> 
     </span>
     <span class='ocr_line' id='line_1_35' title="bbox 303 3433 1361 3499; baseline 0.003 -16"><span class='ocrx_word' id='word_1_199' title='bbox 303 3447 534 3499; x_wconf 78' lang='lat' dir='ltr'><strong>ageaque</strong></span> <span class='ocrx_word' id='word_1_200' title='bbox 556 3434 714 3497; x_wconf 75' lang='lat' dir='ltr'><strong>ionga</strong></span> <span class='ocrx_word' id='word_1_201' title='bbox 736 3434 1002 3498; x_wconf 64' lang='lat' dir='ltr'><strong>repletur!</strong></span> <span class='ocrx_word' id='word_1_202' title='bbox 1018 3433 1033 3458; x_wconf 85' lang='lat'><em>&#39;</em></span> <span class='ocrx_word' id='word_1_203' title='bbox 1101 3435 1232 3486; x_wconf 78' lang='lat' dir='ltr'><strong>Haec</strong></span> <span class='ocrx_word' id='word_1_204' title='bbox 1254 3436 1361 3493; x_wconf 82' lang='lat' dir='ltr'><strong>ille.</strong></span> 
     </span>
     <span class='ocr_line' id='line_1_36' title="bbox 304 3510 1363 3576; baseline 0.004 -17"><span class='ocrx_word' id='word_1_205' title='bbox 304 3525 420 3576; x_wconf 67' lang='lat' dir='ltr'><strong>qna</strong></span> <span class='ocrx_word' id='word_1_206' title='bbox 455 3510 872 3562; x_wconf 74' lang='lat' dir='ltr'><strong>emendationem</strong></span> <span class='ocrx_word' id='word_1_207' title='bbox 908 3519 1137 3563; x_wconf 82' lang='lat' dir='ltr'><strong>nostram</strong></span> <span class='ocrx_word' id='word_1_208' title='bbox 1175 3512 1363 3564; x_wconf 87' lang='lat' dir='ltr'><strong>confir·</strong></span> 
     </span>
     <span class='ocr_line' id='line_1_37' title="bbox 304 3589 751 3640; baseline 0.004 -2"><span class='ocrx_word' id='word_1_209' title='bbox 304 3599 465 3640; x_wconf 78' lang='lat' dir='ltr'><strong>mant.</strong></span> <span class='ocrx_word' id='word_1_210' title='bbox 495 3589 751 3640; x_wconf 63' lang='lat' dir='ltr'><strong>som-Sed.</strong></span> 
     </span>
    </p>

    <p class='ocr_par' dir='ltr' id='par_1_18' title="bbox 306 3667 1365 3807">
     <span class='ocr_line' id='line_1_38' title="bbox 369 3667 1365 3733; baseline 0 -14"><span class='ocrx_word' id='word_1_211' title='bbox 369 3668 532 3731; x_wconf 61' lang='lat' dir='ltr'><strong>agea]</strong></span> <span class='ocrx_word' id='word_1_212' title='bbox 593 3667 777 3733; x_wconf 83' lang='lat' dir='ltr'><strong>Inepte</strong></span> <span class='ocrx_word' id='word_1_213' title='bbox 814 3668 1006 3718; x_wconf 81' lang='lat' dir='ltr'><strong>Paulus</strong></span> <span class='ocrx_word' id='word_1_214' title='bbox 1046 3667 1113 3717; x_wconf 79' lang='lat' dir='ltr'><strong>nb</strong></span> <span class='ocrx_word' id='word_1_215' title='bbox 1147 3668 1365 3732; x_wconf 80' lang='lat' dir='ltr'><strong>agendo.</strong></span> 
     </span>
     <span class='ocr_line' id='line_1_39' title="bbox 306 3744 1283 3807; baseline -0.001 -11"><span class='ocrx_word' id='word_1_216' title='bbox 306 3747 445 3797; x_wconf 82' lang='lat' dir='ltr'><strong>Nam</strong></span> <span class='ocrx_word' id='word_1_217' title='bbox 470 3752 554 3795; x_wconf 87' lang='lat' dir='ltr'><strong>est</strong></span> <span class='ocrx_word' id='word_1_218' title='bbox 579 3759 610 3794; x_wconf 84' lang='lat' dir='ltr'><strong>a</strong></span> <span class='ocrx_word' id='word_1_219' title='bbox 630 3745 818 3796; x_wconf 75' lang='lat' dir='ltr'><strong>Graeco</strong></span> <span class='ocrx_word' id='word_1_220' title='bbox 840 3744 997 3807; x_wconf 73' lang='grc' dir='ltr'>ἀγυιὰ,</span> <span class='ocrx_word' id='word_1_221' title='bbox 1021 3748 1122 3796; x_wconf 83' lang='lat' dir='ltr'><strong>vis.</strong></span> <span class='ocrx_word' id='word_1_222' title='bbox 1159 3746 1283 3796; x_wconf 78' lang='lat' dir='ltr'><strong>Duc.</strong></span> 
     </span>
    </p>

    <p class='ocr_par' dir='ltr' id='par_1_19' title="bbox 295 3820 1366 4189">
     <span class='ocr_line' id='line_1_40' title="bbox 368 3820 1364 3889; baseline 0 -16"><span class='ocrx_word' id='word_1_223' title='bbox 368 3820 390 3856; x_wconf 80' lang='lat'><em>¹</em></span> <span class='ocrx_word' id='word_1_224' title='bbox 405 3823 555 3873; x_wconf 74' lang='lat' dir='ltr'><strong>Modo</strong></span> <span class='ocrx_word' id='word_1_225' title='bbox 575 3821 819 3889; x_wconf 64' lang='lat' dir='ltr'><strong>significat</strong></span> <span class='ocrx_word' id='word_1_226' title='bbox 843 3821 1066 3886; x_wconf 70' lang='lat' dir='ltr'><strong>jurgari]</strong></span> <span class='ocrx_word' id='word_1_227' title='bbox 1109 3823 1200 3881; x_wconf 86' lang='lat' dir='ltr'><strong>Ut,</strong></span> <span class='ocrx_word' id='word_1_228' title='bbox 1221 3825 1237 3853; x_wconf 81' lang='lat'>⁸</span> <span class='ocrx_word' id='word_1_229' title='bbox 1254 3823 1364 3887; x_wconf 77' lang='lat' dir='ltr'><strong>agit</strong></span> 
     </span>
     <span class='ocr_line' id='line_1_41' title="bbox 305 3896 1362 3962; baseline -0.001 -11"><span class='ocrx_word' id='word_1_230' title='bbox 305 3913 418 3951; x_wconf 84' lang='lat' dir='ltr'><strong>cnm</strong></span> <span class='ocrx_word' id='word_1_231' title='bbox 443 3914 509 3949; x_wconf 91' lang='lat' dir='ltr'><strong>eo</strong></span> <span class='ocrx_word' id='word_1_232' title='bbox 534 3896 696 3949; x_wconf 65' lang='lat' dir='ltr'><strong>furti!</strong></span> <span class='ocrx_word' id='word_1_233' title='bbox 764 3899 878 3949; x_wconf 88' lang='lat' dir='ltr'><strong>Etsi</strong></span> <span class='ocrx_word' id='word_1_234' title='bbox 900 3900 972 3949; x_wconf 88' lang='lat' dir='ltr'><strong>ibi</strong></span> <span class='ocrx_word' id='word_1_235' title='bbox 1005 3901 1112 3962; x_wconf 72' lang='lat' dir='ltr'><strong>ugit</strong></span> <span class='ocrx_word' id='word_1_236' title='bbox 1134 3915 1233 3950; x_wconf 91' lang='lat' dir='ltr'><strong>non</strong></span> <span class='ocrx_word' id='word_1_237' title='bbox 1259 3908 1362 3950; x_wconf 85' lang='lat' dir='ltr'><strong>tam</strong></span> 
     </span>
     <span class='ocr_line' id='line_1_42' title="bbox 295 3975 1366 4043; baseline -0.002 -14"><span class='ocrx_word' id='word_1_238' title='bbox 295 3979 561 4043; x_wconf 75' lang='lat' dir='ltr'><strong>jurgatur.</strong></span> <span class='ocrx_word' id='word_1_239' title='bbox 587 3991 740 4043; x_wconf 78' lang='lat' dir='ltr'><strong>quam</strong></span> <span class='ocrx_word' id='word_1_240' title='bbox 763 3975 891 4026; x_wconf 83' lang='lat' dir='ltr'><strong>furti</strong></span> <span class='ocrx_word' id='word_1_241' title='bbox 919 3978 1171 4028; x_wconf 75' lang='lat' dir='ltr'><strong>actionem</strong></span> <span class='ocrx_word' id='word_1_242' title='bbox 1194 3978 1366 4027; x_wconf 89' lang='lat' dir='ltr'><strong>inten-</strong></span> 
     </span>
     <span class='ocr_line' id='line_1_43' title="bbox 304 4054 1364 4119; baseline -0.002 -12"><span class='ocrx_word' id='word_1_243' title='bbox 304 4057 400 4119; x_wconf 85' lang='lat' dir='ltr'><strong>dit,</strong></span> <span class='ocrx_word' id='word_1_244' title='bbox 436 4071 551 4105; x_wconf 85' lang='lat' dir='ltr'><strong>nam</strong></span> <span class='ocrx_word' id='word_1_245' title='bbox 568 4054 775 4118; x_wconf 78' lang='lat' dir='ltr'><strong>jurgari</strong></span> <span class='ocrx_word' id='word_1_246' title='bbox 808 4054 874 4104; x_wconf 80' lang='lat' dir='ltr'><strong>de</strong></span> <span class='ocrx_word' id='word_1_247' title='bbox 904 4054 1054 4104; x_wconf 87' lang='lat' dir='ltr'><strong>rebus</strong></span> <span class='ocrx_word' id='word_1_248' title='bbox 1085 4054 1364 4105; x_wconf 85' lang='lat' dir='ltr'><strong>levioribus</strong></span> 
     </span>
     <span class='ocr_line' id='line_1_44' title="bbox 307 4136 704 4189; baseline 0.003 -2"><span class='ocrx_word' id='word_1_249' title='bbox 307 4137 517 4189; x_wconf 85' lang='lat' dir='ltr'><strong>dieitur.</strong></span> <span class='ocrx_word' id='word_1_250' title='bbox 552 4136 704 4188; x_wconf 75' lang='lat' dir='ltr'><strong>Idem.</strong></span> 
     </span>
    </p>

    <p class='ocr_par' dir='ltr' id='par_1_20' title="bbox 306 4205 1368 4345">
     <span class='ocr_line' id='line_1_45' title="bbox 364 4205 1368 4278; baseline 0.005 -20"><span class='ocrx_word' id='word_1_251' title='bbox 364 4223 390 4258; x_wconf 79' lang='lat' dir='ltr'><strong>s</strong></span> <span class='ocrx_word' id='word_1_252' title='bbox 418 4216 552 4272; x_wconf 70' lang='lat' dir='ltr'><strong>Quin</strong></span> <span class='ocrx_word' id='word_1_253' title='bbox 575 4214 722 4263; x_wconf 73' lang='lat' dir='ltr'><strong>etiam</strong></span> <span class='ocrx_word' id='word_1_254' title='bbox 743 4213 787 4263; x_wconf 78' lang='lat' dir='ltr'><strong>si</strong></span> <span class='ocrx_word' id='word_1_255' title='bbox 808 4205 1006 4265; x_wconf 61' lang='lat' dir='ltr'><strong>accessit</strong></span> <span class='ocrx_word' id='word_1_256' title='bbox 1020 4212 1209 4278; x_wconf 68' lang='lat' dir='ltr'><strong>gestu]</strong></span> <span class='ocrx_word' id='word_1_257' title='bbox 1234 4210 1368 4264; x_wconf 86' lang='lat' dir='ltr'><strong>Vide</strong></span> 
     </span>
     <span class='ocr_line' id='line_1_46' title="bbox 306 4292 710 4345; baseline -0.005 -1"><span class='ocrx_word' id='word_1_258' title='bbox 306 4293 523 4345; x_wconf 79' lang='lat' dir='ltr'><strong>‘actus.’</strong></span> <span class='ocrx_word' id='word_1_259' title='bbox 556 4292 710 4345; x_wconf 81' lang='lat' dir='ltr'><strong>Idem.</strong></span> 
     </span>
    </p>
   </div>
   <div class='ocr_carea' id='block_1_16' title="bbox 1440 2269 2509 4351">
    <p class='ocr_par' dir='ltr' id='par_1_21' title="bbox 1442 2269 2502 2490">
     <span class='ocr_line' id='line_1_47' title="bbox 1508 2269 2501 2341; baseline 0.008 -21"><span class='ocrx_word' id='word_1_260' title='bbox 1508 2269 1532 2302; x_wconf 83' lang='lat'><strong>¹¹</strong></span> <span class='ocrx_word' id='word_1_261' title='bbox 1549 2270 1736 2335; x_wconf 74' lang='lat' dir='ltr'><strong>Agim]</strong></span> <span class='ocrx_word' id='word_1_262' title='bbox 1757 2271 1999 2323; x_wconf 79' lang='lat' dir='ltr'><strong>Placidus</strong></span> <span class='ocrx_word' id='word_1_263' title='bbox 2016 2274 2064 2323; x_wconf 91' lang='lat' dir='ltr'><strong>in</strong></span> <span class='ocrx_word' id='word_1_264' title='bbox 2085 2276 2228 2326; x_wconf 87' lang='lat' dir='ltr'><strong>Glos.</strong></span> <span class='ocrx_word' id='word_1_265' title='bbox 2248 2279 2264 2305; x_wconf 86' lang='lat'>‘</span> <span class='ocrx_word' id='word_1_266' title='bbox 2281 2276 2501 2341; x_wconf 78' lang='lat' dir='ltr'><strong>Aginam</strong></span> 
     </span>
     <span class='ocr_line' id='line_1_48' title="bbox 1442 2350 2502 2414; baseline 0.008 -18"><span class='ocrx_word' id='word_1_267' title='bbox 1442 2362 1651 2412; x_wconf 76' lang='lat' dir='ltr'><strong>scapum</strong></span> <span class='ocrx_word' id='word_1_268' title='bbox 1697 2350 1928 2413; x_wconf 78' lang='lat' dir='ltr'><strong>trutinae,</strong></span> <span class='ocrx_word' id='word_1_269' title='bbox 1970 2352 2108 2414; x_wconf 86' lang='lat' dir='ltr'><strong>quod</strong></span> <span class='ocrx_word' id='word_1_270' title='bbox 2155 2366 2218 2401; x_wconf 91' lang='lat' dir='ltr'><strong>eo</strong></span> <span class='ocrx_word' id='word_1_271' title='bbox 2260 2367 2502 2404; x_wconf 86' lang='lat' dir='ltr'><strong>mensura</strong></span> 
     </span>
     <span class='ocr_line' id='line_1_49' title="bbox 1443 2425 2277 2490; baseline 0.006 -15"><span class='ocrx_word' id='word_1_272' title='bbox 1443 2425 1687 2490; x_wconf 88' lang='lat' dir='ltr'><strong>ponderis</strong></span> <span class='ocrx_word' id='word_1_273' title='bbox 1709 2425 1930 2490; x_wconf 70' lang='lat' dir='ltr'><strong>agatur!</strong></span> <span class='ocrx_word' id='word_1_274' title='bbox 1967 2429 2078 2478; x_wconf 72' lang='lat' dir='ltr'><strong>Ful.</strong></span> <span class='ocrx_word' id='word_1_275' title='bbox 2111 2430 2277 2480; x_wconf 73' lang='lat' dir='ltr'><strong>Ursini.</strong></span> 
     </span>
    </p>

    <p class='ocr_par' dir='ltr' id='par_1_22' title="bbox 1442 2503 2508 3341">
     <span class='ocr_line' id='line_1_50' title="bbox 1506 2503 2494 2572; baseline 0.008 -20"><span class='ocrx_word' id='word_1_276' title='bbox 1506 2504 1670 2565; x_wconf 72' lang='lat' dir='ltr'><strong>Agim</strong></span> <span class='ocrx_word' id='word_1_277' title='bbox 1687 2538 1700 2554; x_wconf 94' lang='lat'><strong>.</strong></span> <span class='ocrx_word' id='word_1_278' title='bbox 1720 2536 1733 2550; x_wconf 88' lang='lat'><strong>.</strong></span> <span class='ocrx_word' id='word_1_279' title='bbox 1749 2538 1762 2553; x_wconf 91' lang='lat'><strong>.</strong></span> <span class='ocrx_word' id='word_1_280' title='bbox 1779 2503 2094 2572; x_wconf 69' lang='lat' dir='ltr'><strong>Aginnum-es]</strong></span> <span class='ocrx_word' id='word_1_281' title='bbox 2136 2507 2455 2559; x_wconf 79' lang='lat' dir='ltr'><strong>Glossarium</strong></span> <span class='ocrx_word' id='word_1_282' title='bbox 2478 2526 2494 2559; x_wconf 72' lang='grc' dir='ltr'><strong>ε</strong></span> 
     </span>
     <span class='ocr_line' id='line_1_51' title="bbox 1444 2579 2502 2652; baseline 0.007 -23"><span class='ocrx_word' id='word_1_283' title='bbox 1444 2579 2039 2645; x_wconf 54' lang='grc' dir='ltr'><strong>*Αείηαῃστρατεύεταιῖ</strong></span> <span class='ocrx_word' id='word_1_284' title='bbox 2070 2583 2502 2652; x_wconf 73' lang='lat' dir='ltr'><strong>‘Aginare‚c·rpa·</strong></span> 
     </span>
     <span class='ocr_line' id='line_1_52' title="bbox 1442 2655 2502 2726; baseline 0.007 -19"><span class='ocrx_word' id='word_1_285' title='bbox 1442 2655 1630 2708; x_wconf 59' lang='lat' dir='ltr'><strong>rebem)</strong></span> <span class='ocrx_word' id='word_1_286' title='bbox 1663 2659 1821 2723; x_wconf 78' lang='lat' dir='ltr'><strong>Lege,</strong></span> <span class='ocrx_word' id='word_1_287' title='bbox 1852 2659 2176 2723; x_wconf 69' lang='grc' dir='ltr'>τρακτεῦπαι,</span> <span class='ocrx_word' id='word_1_288' title='bbox 2199 2673 2254 2712; x_wconf 87' lang='lat' dir='ltr'><strong>et</strong></span> <span class='ocrx_word' id='word_1_289' title='bbox 2274 2663 2502 2726; x_wconf 74' lang='grc' dir='ltr'><strong>τρακτεύ·</strong></span> 
     </span>
     <span class='ocr_line' id='line_1_53' title="bbox 1445 2736 2504 2805; baseline 0.006 -19"><span class='ocrx_word' id='word_1_290' title='bbox 1445 2755 1530 2787; x_wconf 75' lang='grc' dir='ltr'><strong>ειν.</strong></span> <span class='ocrx_word' id='word_1_291' title='bbox 1585 2736 1650 2786; x_wconf 84' lang='lat' dir='ltr'><strong>Id</strong></span> <span class='ocrx_word' id='word_1_292' title='bbox 1668 2738 1803 2787; x_wconf 86' lang='lat' dir='ltr'><strong>enim</strong></span> <span class='ocrx_word' id='word_1_293' title='bbox 1826 2737 2078 2798; x_wconf 77' lang='lat' dir='ltr'><strong>significat</strong></span> <span class='ocrx_word' id='word_1_294' title='bbox 2102 2742 2378 2805; x_wconf 77' lang='lat' dir='ltr'><strong>negotiari,</strong></span> <span class='ocrx_word' id='word_1_295' title='bbox 2403 2749 2504 2792; x_wconf 82' lang='lat' dir='ltr'><strong>est-</strong></span> 
     </span>
     <span class='ocr_line' id='line_1_54' title="bbox 1446 2814 2503 2882; baseline 0.003 -18"><span class='ocrx_word' id='word_1_296' title='bbox 1446 2828 1548 2882; x_wconf 87' lang='lat' dir='ltr'><strong>que</strong></span> <span class='ocrx_word' id='word_1_297' title='bbox 1575 2814 1785 2865; x_wconf 83' lang='lat' dir='ltr'><strong>verbum</strong></span> <span class='ocrx_word' id='word_1_298' title='bbox 1812 2815 1996 2866; x_wconf 58' lang='lat' dir='ltr'><strong>infimas</strong></span> <span class='ocrx_word' id='word_1_299' title='bbox 2030 2819 2323 2882; x_wconf 77' lang='lat' dir='ltr'><strong>vetustatis,</strong></span> <span class='ocrx_word' id='word_1_300' title='bbox 2354 2834 2383 2868; x_wconf 92' lang='lat' dir='ltr'><strong>a</strong></span> <span class='ocrx_word' id='word_1_301' title='bbox 2407 2821 2503 2869; x_wconf 87' lang='lat' dir='ltr'><strong>La·</strong></span> 
     </span>
     <span class='ocr_line' id='line_1_55' title="bbox 1447 2891 2506 2956; baseline 0 -13"><span class='ocrx_word' id='word_1_302' title='bbox 1447 2893 1556 2943; x_wconf 86' lang='lat' dir='ltr'><strong>tino</strong></span> <span class='ocrx_word' id='word_1_303' title='bbox 1578 2891 1864 2942; x_wconf 78' lang='lat' dir='ltr'><strong>detortumz</strong></span> <span class='ocrx_word' id='word_1_304' title='bbox 1907 2907 2008 2956; x_wconf 88' lang='lat' dir='ltr'><strong>qno</strong></span> <span class='ocrx_word' id='word_1_305' title='bbox 2029 2907 2129 2942; x_wconf 85' lang='lat' dir='ltr'><strong>non</strong></span> <span class='ocrx_word' id='word_1_306' title='bbox 2152 2909 2267 2943; x_wconf 87' lang='lat' dir='ltr'><strong>raro</strong></span> <span class='ocrx_word' id='word_1_307' title='bbox 2290 2903 2506 2945; x_wconf 86' lang='lat' dir='ltr'><strong>utuntur</strong></span> 
     </span>
     <span class='ocr_line' id='line_1_56' title="bbox 1448 2969 2507 3034; baseline -0.002 -14"><span class='ocrx_word' id='word_1_308' title='bbox 1448 2970 1859 3020; x_wconf 67' lang='lat' dir='ltr'><strong>constitutiones</strong></span> <span class='ocrx_word' id='word_1_309' title='bbox 1882 2969 2260 3034; x_wconf 82' lang='lat' dir='ltr'><strong>Imperatorum</strong></span> <span class='ocrx_word' id='word_1_310' title='bbox 2281 2970 2507 3020; x_wconf 72' lang='lat' dir='ltr'><strong>Graecae.</strong></span> 
     </span>
     <span class='ocr_line' id='line_1_57' title="bbox 1449 3044 2508 3109; baseline -0.001 -12"><span class='ocrx_word' id='word_1_311' title='bbox 1449 3048 1521 3097; x_wconf 82' lang='lat' dir='ltr'><strong>Et</strong></span> <span class='ocrx_word' id='word_1_312' title='bbox 1538 3044 1822 3109; x_wconf 77' lang='grc' dir='ltr'><strong><em>τρακτευταὶ</em></strong></span> <span class='ocrx_word' id='word_1_313' title='bbox 1839 3047 1889 3095; x_wconf 86' lang='lat' dir='ltr'><strong>in</strong></span> <span class='ocrx_word' id='word_1_314' title='bbox 1913 3046 2094 3096; x_wconf 88' lang='lat' dir='ltr'><strong>iisdem</strong></span> <span class='ocrx_word' id='word_1_315' title='bbox 2111 3047 2508 3097; x_wconf 79' lang='lat' dir='ltr'><strong>constitutioni-</strong></span> 
     </span>
     <span class='ocr_line' id='line_1_58' title="bbox 1449 3122 2507 3185; baseline 0 -12"><span class='ocrx_word' id='word_1_316' title='bbox 1449 3123 1564 3173; x_wconf 85' lang='lat' dir='ltr'><strong>bus.</strong></span> <span class='ocrx_word' id='word_1_317' title='bbox 1630 3122 1861 3172; x_wconf 86' lang='lat' dir='ltr'><strong>Isidorus</strong></span> <span class='ocrx_word' id='word_1_318' title='bbox 1893 3122 1946 3171; x_wconf 89' lang='lat' dir='ltr'><strong>in</strong></span> <span class='ocrx_word' id='word_1_319' title='bbox 1977 3122 2207 3172; x_wconf 81' lang='lat' dir='ltr'><strong>Glossis:</strong></span> <span class='ocrx_word' id='word_1_320' title='bbox 2243 3124 2260 3152; x_wconf 76' lang='lat'><strong><em>⁴</em></strong></span> <span class='ocrx_word' id='word_1_321' title='bbox 2279 3122 2507 3185; x_wconf 83' lang='lat' dir='ltr'><strong>Acinari‚</strong></span> 
     </span>
     <span class='ocr_line' id='line_1_59' title="bbox 1451 3198 2507 3264; baseline -0.001 -13"><span class='ocrx_word' id='word_1_322' title='bbox 1451 3200 1647 3258; x_wconf 86' lang='lat' dir='ltr'><strong>tricari,</strong></span> <span class='ocrx_word' id='word_1_323' title='bbox 1662 3200 1712 3250; x_wconf 89' lang='lat' dir='ltr'><strong>iu</strong></span> <span class='ocrx_word' id='word_1_324' title='bbox 1731 3214 1891 3264; x_wconf 84' lang='lat' dir='ltr'><strong>parvo</strong></span> <span class='ocrx_word' id='word_1_325' title='bbox 1909 3198 2131 3249; x_wconf 81' lang='lat' dir='ltr'><strong>morari-¹</strong></span> <span class='ocrx_word' id='word_1_326' title='bbox 2164 3199 2339 3250; x_wconf 82' lang='lat' dir='ltr'><strong>Ideni:</strong></span> <span class='ocrx_word' id='word_1_327' title='bbox 2357 3199 2507 3264; x_wconf 81' lang='lat' dir='ltr'><strong>‘Agi-</strong></span> 
     </span>
     <span class='ocr_line' id='line_1_60' title="bbox 1447 3275 2312 3341; baseline -0.003 -11"><span class='ocrx_word' id='word_1_328' title='bbox 1447 3287 1648 3336; x_wconf 77' lang='lat' dir='ltr'><strong>nantes‚</strong></span> <span class='ocrx_word' id='word_1_329' title='bbox 1666 3275 2027 3341; x_wconf 63' lang='lat' dir='ltr'><strong>explicantes!</strong></span> <span class='ocrx_word' id='word_1_330' title='bbox 2059 3277 2165 3326; x_wconf 79' lang='lat' dir='ltr'><strong>Jos.</strong></span> <span class='ocrx_word' id='word_1_331' title='bbox 2185 3276 2312 3327; x_wconf 80' lang='lat' dir='ltr'><strong>Scal.</strong></span> 
     </span>
    </p>

    <p class='ocr_par' dir='ltr' id='par_1_23' title="bbox 1440 3352 2509 4351">
     <span class='ocr_line' id='line_1_61' title="bbox 1502 3352 2504 3420; baseline -0.002 -13"><span class='ocrx_word' id='word_1_332' title='bbox 1502 3356 1693 3420; x_wconf 74' lang='lat' dir='ltr'><strong>Agiria]</strong></span> <span class='ocrx_word' id='word_1_333' title='bbox 1717 3352 1964 3405; x_wconf 76' lang='lat' dir='ltr'><strong>Placidus</strong></span> <span class='ocrx_word' id='word_1_334' title='bbox 1980 3353 2031 3403; x_wconf 87' lang='lat' dir='ltr'><strong>in</strong></span> <span class='ocrx_word' id='word_1_335' title='bbox 2048 3354 2220 3404; x_wconf 81' lang='lat' dir='ltr'><strong>Gloss.</strong></span> <span class='ocrx_word' id='word_1_336' title='bbox 2250 3353 2266 3382; x_wconf 77' lang='lat'><strong><em>⁶</em></strong></span> <span class='ocrx_word' id='word_1_337' title='bbox 2282 3353 2504 3418; x_wconf 84' lang='lat' dir='ltr'><strong>Aginsm</strong></span> 
     </span>
     <span class='ocr_line' id='line_1_62' title="bbox 1440 3430 2507 3497; baseline -0.002 -14"><span class='ocrx_word' id='word_1_338' title='bbox 1440 3447 1650 3497; x_wconf 83' lang='lat' dir='ltr'><strong>scapum</strong></span> <span class='ocrx_word' id='word_1_339' title='bbox 1697 3431 1927 3491; x_wconf 81' lang='lat' dir='ltr'><strong>trutinoe‚</strong></span> <span class='ocrx_word' id='word_1_340' title='bbox 1972 3430 2109 3496; x_wconf 87' lang='lat' dir='ltr'><strong>quod</strong></span> <span class='ocrx_word' id='word_1_341' title='bbox 2154 3446 2217 3480; x_wconf 90' lang='lat' dir='ltr'><strong>eo</strong></span> <span class='ocrx_word' id='word_1_342' title='bbox 2263 3445 2507 3482; x_wconf 82' lang='lat' dir='ltr'><strong>mensura</strong></span> 
     </span>
     <span class='ocr_line' id='line_1_63' title="bbox 1446 3507 2507 3576; baseline -0.003 -15"><span class='ocrx_word' id='word_1_343' title='bbox 1446 3510 1691 3576; x_wconf 87' lang='lat' dir='ltr'><strong>ponderis</strong></span> <span class='ocrx_word' id='word_1_344' title='bbox 1716 3507 1938 3574; x_wconf 62' lang='lat' dir='ltr'><strong>agatur-f</strong></span> <span class='ocrx_word' id='word_1_345' title='bbox 1972 3508 2105 3559; x_wconf 86' lang='lat' dir='ltr'><strong>Inde</strong></span> <span class='ocrx_word' id='word_1_346' title='bbox 2121 3510 2394 3572; x_wconf 67' lang='lat' dir='ltr'><strong>siginatos-es</strong></span> <span class='ocrx_word' id='word_1_347' title='bbox 2417 3523 2507 3558; x_wconf 90' lang='lat' dir='ltr'><strong>ne·</strong></span> 
     </span>
     <span class='ocr_line' id='line_1_64' title="bbox 1447 3586 2506 3653; baseline -0.007 -13"><span class='ocrx_word' id='word_1_348' title='bbox 1447 3590 1730 3653; x_wconf 69' lang='lat' dir='ltr'><strong>gotiatores</strong></span> <span class='ocrx_word' id='word_1_349' title='bbox 1766 3586 1856 3653; x_wconf 89' lang='lat' dir='ltr'><strong>qui</strong></span> <span class='ocrx_word' id='word_1_350' title='bbox 1898 3586 2156 3636; x_wconf 82' lang='lat' dir='ltr'><strong>tricantur</strong></span> <span class='ocrx_word' id='word_1_351' title='bbox 2177 3594 2233 3635; x_wconf 90' lang='lat' dir='ltr'><strong>et</strong></span> <span class='ocrx_word' id='word_1_352' title='bbox 2265 3587 2318 3634; x_wconf 91' lang='lat' dir='ltr'><strong>in</strong></span> <span class='ocrx_word' id='word_1_353' title='bbox 2344 3599 2506 3650; x_wconf 81' lang='lat' dir='ltr'><strong>parvo</strong></span> 
     </span>
     <span class='ocr_line' id='line_1_65' title="bbox 1447 3662 2506 3723; baseline -0.008 -6"><span class='ocrx_word' id='word_1_354' title='bbox 1447 3675 1734 3717; x_wconf 81' lang='lat' dir='ltr'><strong>morantur.</strong></span> <span class='ocrx_word' id='word_1_355' title='bbox 1798 3664 1974 3714; x_wconf 85' lang='lat' dir='ltr'><strong>Gloss.</strong></span> <span class='ocrx_word' id='word_1_356' title='bbox 2010 3663 2219 3721; x_wconf 85' lang='lat' dir='ltr'><strong>Isidori,</strong></span> <span class='ocrx_word' id='word_1_357' title='bbox 2255 3663 2271 3689; x_wconf 86' lang='lat'>‘</span> <span class='ocrx_word' id='word_1_358' title='bbox 2292 3662 2506 3723; x_wconf 79' lang='lat' dir='ltr'><strong>acinari,</strong></span> 
     </span>
     <span class='ocr_line' id='line_1_66' title="bbox 1448 3739 2509 3804; baseline -0.007 -11"><span class='ocrx_word' id='word_1_359' title='bbox 1448 3744 1650 3803; x_wconf 71' lang='lat' dir='ltr'><strong>trioni-i,</strong></span> <span class='ocrx_word' id='word_1_360' title='bbox 1667 3742 1717 3792; x_wconf 89' lang='lat' dir='ltr'><strong>in</strong></span> <span class='ocrx_word' id='word_1_361' title='bbox 1736 3754 1894 3804; x_wconf 80' lang='lat' dir='ltr'><strong>parvo</strong></span> <span class='ocrx_word' id='word_1_362' title='bbox 1911 3739 2134 3789; x_wconf 59' lang='lat' dir='ltr'><strong>morari!</strong></span> <span class='ocrx_word' id='word_1_363' title='bbox 2167 3740 2509 3801; x_wconf 78' lang='lat' dir='ltr'><strong>Glossarium,</strong></span> 
     </span>
     <span class='ocr_line' id='line_1_67' title="bbox 1446 3814 2509 3886; baseline -0.004 -15"><span class='ocrx_word' id='word_1_364' title='bbox 1446 3825 1462 3851; x_wconf 85' lang='lat'>‘</span> <span class='ocrx_word' id='word_1_365' title='bbox 1484 3823 1685 3886; x_wconf 76' lang='lat' dir='ltr'><strong>aginat,</strong></span> <span class='ocrx_word' id='word_1_366' title='bbox 1718 3817 2078 3882; x_wconf 59' lang='lat' dir='ltr'><strong>nemausam,</strong></span> <span class='ocrx_word' id='word_1_367' title='bbox 2113 3814 2325 3881; x_wconf 71' lang='grc' dir='ltr'><strong>στρέφει,</strong></span> <span class='ocrx_word' id='word_1_368' title='bbox 2349 3834 2509 3880; x_wconf 78' lang='grc' dir='ltr'><strong><em>μηχα-</em></strong></span> 
     </span>
     <span class='ocr_line' id='line_1_68' title="bbox 1444 3896 2508 3961; baseline -0.004 -11"><span class='ocrx_word' id='word_1_369' title='bbox 1444 3898 1613 3950; x_wconf 57' lang='grc' dir='ltr'><strong><em>νᾶται]</em></strong></span> <span class='ocrx_word' id='word_1_370' title='bbox 1659 3899 1693 3948; x_wconf 90' lang='lat' dir='ltr'><strong>i.</strong></span> <span class='ocrx_word' id='word_1_371' title='bbox 1732 3897 2063 3961; x_wconf 63' lang='lat' dir='ltr'><strong>Negotium,</strong></span> <span class='ocrx_word' id='word_1_372' title='bbox 2088 3896 2325 3958; x_wconf 81' lang='lat' dir='ltr'><strong>tricatur,</strong></span> <span class='ocrx_word' id='word_1_373' title='bbox 2362 3896 2508 3946; x_wconf 87' lang='lat' dir='ltr'><strong>dolos</strong></span> 
     </span>
     <span class='ocr_line' id='line_1_69' title="bbox 1446 3969 2505 4038; baseline -0.005 -9"><span class='ocrx_word' id='word_1_374' title='bbox 1446 3969 1616 4030; x_wconf 81' lang='lat' dir='ltr'><strong>struit.</strong></span> <span class='ocrx_word' id='word_1_375' title='bbox 1665 3976 1821 4036; x_wconf 85' lang='lat' dir='ltr'><strong>Item,</strong></span> <span class='ocrx_word' id='word_1_376' title='bbox 1853 3981 1868 4003; x_wconf 84' lang='lat'>‘</span> <span class='ocrx_word' id='word_1_377' title='bbox 1888 3973 2119 4037; x_wconf 72' lang='lat' dir='ltr'><strong>aginam,</strong></span> <span class='ocrx_word' id='word_1_378' title='bbox 2152 3971 2505 4038; x_wconf 75' lang='grc' dir='ltr'><strong><em>τρακτεύεσθαι.</em></strong></span> 
     </span>
     <span class='ocr_line' id='line_1_70' title="bbox 1449 4049 2509 4119; baseline -0.005 -13"><span class='ocrx_word' id='word_1_379' title='bbox 1449 4055 1665 4119; x_wconf 80' lang='lat' dir='ltr'><strong>Aginat,</strong></span> <span class='ocrx_word' id='word_1_380' title='bbox 1684 4049 1944 4114; x_wconf 65' lang='grc' dir='ltr'><strong>τρωεύει.</strong></span> <span class='ocrx_word' id='word_1_381' title='bbox 1978 4049 2053 4100; x_wconf 88' lang='lat' dir='ltr'><strong>Ut</strong></span> <span class='ocrx_word' id='word_1_382' title='bbox 2071 4051 2264 4115; x_wconf 85' lang='lat' dir='ltr'><strong>optime</strong></span> <span class='ocrx_word' id='word_1_383' title='bbox 2280 4051 2509 4101; x_wconf 84' lang='lat' dir='ltr'><strong>correxit</strong></span> 
     </span>
     <span class='ocr_line' id='line_1_71' title="bbox 1445 4125 2508 4195; baseline -0.008 -11"><span class='ocrx_word' id='word_1_384' title='bbox 1445 4132 1709 4195; x_wconf 74' lang='lat' dir='ltr'><strong>Scaliger:</strong></span> <span class='ocrx_word' id='word_1_385' title='bbox 1749 4125 2080 4192; x_wconf 75' lang='grc' dir='ltr'><strong>τρακτεύεσθαι</strong></span> <span class='ocrx_word' id='word_1_386' title='bbox 2112 4129 2244 4179; x_wconf 88' lang='lat' dir='ltr'><strong>enim</strong></span> <span class='ocrx_word' id='word_1_387' title='bbox 2278 4137 2332 4178; x_wconf 87' lang='lat' dir='ltr'><strong>et</strong></span> <span class='ocrx_word' id='word_1_388' title='bbox 2363 4145 2508 4192; x_wconf 67' lang='grc' dir='ltr'><strong><em>τρικ-</em></strong></span> 
     </span>
     <span class='ocr_line' id='line_1_72' title="bbox 1446 4207 2508 4270; baseline -0.006 -10"><span class='ocrx_word' id='word_1_389' title='bbox 1446 4208 1603 4260; x_wconf 69' lang='grc' dir='ltr'><strong>τεῦων</strong></span> <span class='ocrx_word' id='word_1_390' title='bbox 1634 4215 1716 4258; x_wconf 82' lang='lat' dir='ltr'><strong>est</strong></span> <span class='ocrx_word' id='word_1_391' title='bbox 1746 4207 1988 4270; x_wconf 76' lang='lat' dir='ltr'><strong>negotiari</strong></span> <span class='ocrx_word' id='word_1_392' title='bbox 2020 4221 2050 4255; x_wconf 83' lang='lat' dir='ltr'><strong>a</strong></span> <span class='ocrx_word' id='word_1_393' title='bbox 2084 4208 2269 4257; x_wconf 83' lang='lat' dir='ltr'><strong>Latino</strong></span> <span class='ocrx_word' id='word_1_394' title='bbox 2303 4212 2508 4255; x_wconf 67' lang='lat' dir='ltr'><strong>tractare</strong></span> 
     </span>
     <span class='ocr_line' id='line_1_73' title="bbox 1451 4282 2507 4351; baseline -0.007 -12"><span class='ocrx_word' id='word_1_395' title='bbox 1451 4289 1718 4339; x_wconf 81' lang='lat' dir='ltr'><strong>detersum</strong></span> <span class='ocrx_word' id='word_1_396' title='bbox 1749 4294 1805 4336; x_wconf 89' lang='lat' dir='ltr'><strong>et</strong></span> <span class='ocrx_word' id='word_1_397' title='bbox 1837 4282 2138 4351; x_wconf 72' lang='lat' dir='ltr'><strong>frequenter</strong></span> <span class='ocrx_word' id='word_1_398' title='bbox 2171 4286 2225 4336; x_wconf 90' lang='lat' dir='ltr'><strong>in</strong></span> <span class='ocrx_word' id='word_1_399' title='bbox 2257 4285 2507 4336; x_wconf 85' lang='lat' dir='ltr'><strong>constitu-</strong></span> 
     </span>
    </p>
   </div>
  </div>
 </body>
</html>
