3020 4853
634 412 732 459 DE
781 410 1189 460 vuuBoRUM
1239 406 1858 458 stGNtFmATloNE
1909 408 2046 457 LIB.
2095 411 2144 457 1.

2399 393 2487 459 67

378 561 474 626 rei
507 560 750 625 diviuae
783 550 991 625 causd
1017 560 1267 624 circum
1290 576 1452 623 arva
1489 557 1753 623 ducitur
1786 556 1993 623 abiis
2033 557 2142 640 qui
2180 576 2300 640 pro
2342 556 2478 620 fru-

384 665 580 747 gibus
609 665 885 730 faciunt.

298 766 799 853 Ambaxioqui.
784 775 844 805 ·⁸
887 769 1137 832 circum
1169 777 1404 834 euntes
1433 767 1848 834 catervatim.

300 872 660 955 Ambegni‘
690 874 834 951 boa,
858 878 921 936 et
942 891 1182 937 vervex
1208 874 1733 958 appellabantur,
1758 889 1912 936 cum
1937 869 2021 934 ad
2042 888 2268 934 eorum
2298 877 2481 935 utra-

1283 1112 1504 1164 No'rAE

298 1251 350 1294 et
368 1247 388 1309 7‘
406 1245 657 1295 clientes’
690 1261 787 1296 vox
812 1246 1051 1297 Gallica?
1098 1247 1240 1298 Quos
1273 1248 1355 1298 liic

295 1321 535 1371 ambactos
590 1332 742 1374 vocat
779 1324 971 1387 Caesar,
1025 1327 1176 1389 paulo
1222 1325 1355 1375 iufra

295 1405 310 1425 ‘
335 1413 513 1448 servos
532 1398 547 1421 ⁹
588 1402 835 1466 appellat,
860 1410 912 1451 et
938 1417 1053 1451 cum
1080 1402 1356 1453 clientibus

290 1474 488 1538 jungit.
525 1475 610 1525 Ita
637 1485 692 1526 ut
713 1476 905 1528 frustra
922 1479 989 1528 sit
1011 1479 1244 1543 Scaliger
1268 1479 1355 1544 qui

297 1553 498 1604 notavit
512 1555 771 1618 ambuctus,
800 1571 913 1606 cum
932 1571 1134 1606 servum
1158 1557 1351 1621 signifi·

296 1637 405 1690 cat,
431 1631 669 1680 Latinum
695 1646 825 1693 esse,
839 1640 893 1683 at
917 1648 1031 1684 cum
1053 1649 1146 1698 pro
1162 1632 1350 1701 cliente,

297 1707 576 1757 Gallicum.
609 1710 868 1760 Ambactus
890 1725 1029 1760 mere
1049 1712 1230 1761 Latina
1252 1727 1350 1763 vox

295 1792 399 1843 est,
411 1784 841 1851 ὀᾶμφιφφόμενος,
855 1787 1213 1854 ὅπεριφόρητος,
1228 1805 1353 1854 qua-

293 1863 336 1911 si
360 1860 683 1914 circumactus
694 1874 748 1915 et
770 1881 1023 1931 nunquam
1049 1868 1354 1931 consistens,

294 1940 384 2003 qni
406 1940 505 1989 bac
524 1950 581 1991 et
606 1943 723 1991 illac
743 1943 1143 1995 circumducitur
1161 1959 1356 1994 merce-

294 2016 375 2066 dis
412 2019 599 2080 gratia,
628 2020 774 2083 cujus
808 2035 994 2084 operas
1028 2022 1356 2087 quotidianas

297 2099 557 2148 Dominus
590 2101 727 2150 locat
767 2101 936 2151 lucelli
974 2117 1149 2163 causa,
1189 2102 1358 2168 quiet

293 2175 416 2225 ideo
458 2177 716 2233 locellarls
757 2186 810 2228 et
841 2179 1100 2228 lucellaris
1132 2179 1357 2245 appella·

294 2261 398 2303 tur.
466 2253 735 2316 Ambagere
768 2263 941 2306 autem
967 2266 1115 2306 vetus
1143 2257 1357 2307 verbum

292 2347 391 2397 pro
413 2332 749 2395 circumagere.
818 2335 1000 2401 Neque
1026 2337 1161 2385 enim
1188 2351 1358 2385 recur-

295 2411 517 2461 rendum
558 2410 621 2460 ad
656 2414 1105 2465 manumissionum
1150 2413 1356 2464 modum

294 2495 351 2538 et
370 2489 663 2553 vertigines
688 2491 798 2540 illas
824 2492 1007 2556 quibus
1039 2490 1360 2541 liberabatur

294 2580 499 2626 servus,
519 2565 657 2627 qnod
678 2567 796 2617 viris
818 2568 1130 2618 doctissimis
1149 2568 1358 2631 placuit.

296 2643 561 2693 Ambacum
591 2645 744 2693 etiam
771 2646 939 2695 dictus
961 2645 1208 2695 cambam.
1274 2646 1362 2696 In-

295 2719 377 2769 fra
397 2720 610 2770 ambaxi.
678 2722 884 2786 Nempe
909 2731 962 2771 ut
987 2739 1018 2771 a
1035 2726 1050 2751 ⁴
1076 2721 1210 2784 figo’
1234 2725 1248 2750 ⁴
1267 2721 1361 2770 fix-

298 2813 360 2847 us
380 2797 397 2820 ’
419 2807 474 2848 et
498 2797 731 2848 ‘fictust’
764 2813 794 2849 a
829 2806 844 2828 ‘
865 2799 1019 2864 tago‚'
1049 2801 1065 2828 ‘
1087 2800 1270 2850 taxus’
1307 2807 1363 2850 et

298 2877 539 2941 ‘tactusf
571 2871 646 2926 sic
671 2878 736 2928 ab
754 2879 910 2943 ‘ago’
938 2887 1092 2928 ‘exus
1111 2878 1124 2901 ’
1154 2887 1210 2929 et
1246 2885 1362 2928 ‘ac-

300 2955 422 3004 tus.'
456 2955 468 2966 ‘
490 2956 736 3006 Amba-‘tus
773 2957 1026 3007 ambacum.
1104 2956 1229 3007 Inde
1263 2973 1362 3006 aun·

302 3031 459 3082 baetin
477 3040 530 3082 et
553 3033 791 3093 ambazia,
815 3034 1080 3083 servitium
1102 3035 1182 3083 vel
1202 3048 1363 3098 opera

304 3109 544 3159 mercede
570 3110 842 3167 conducta,
866 3123 958 3175 pro
983 3126 1083 3174 quo
1108 3112 1358 3160 recentio-

305 3203 385 3237 res
419 3188 588 3238 Latini
626 3187 905 3238 ambasciam
930 3189 1269 3253 scripserunt,
1304 3195 1363 3238 ut

305 3267 467 3316 ascilla
510 3281 601 3330 pro
641 3267 807 3316 axilla.
873 3266 1005 3315 Inde
1048 3265 1361 3315 ambasciator-

306 3352 363 3396 et
382 3345 698 3404 ambasiator,
723 3344 1088 3398 internuntius,
1109 3343 1361 3392 intercur-

307 3436 414 3483 εστ,
435 3422 770 3481 domesticus,
792 3420 1050 3470 adsecula.
1075 3419 1200 3470 Duc.

370 3498 657 3563 Ambactus]
700 3498 928 3547 Glossar.
954 3501 969 3525 ‘
988 3495 1227 3546 Ambact.
1262 3494 1365 3544 δοῦ-

306 3586 393 3628 λος
408 3576 660 3638 μισθωτὸς.
680 3576 741 3627 ὥς
764 3573 977 3625 'Eneca’
1021 3575 1199 3626 Caesar
1225 3575 1260 3624 l.
1285 3588 1363 3623 vt.

304 3659 320 3687 ⁸
345 3657 428 3706 Ita
463 3656 710 3719 plurimos
757 3654 949 3704 circum
1002 3667 1056 3701 se
1100 3653 1365 3702 ambactos

310 3735 629 3801 clientesque
651 3730 839 3782 babet.’
875 3732 983 3782 Fut.
1012 3732 1174 3781 Ursin-

374 3819 395 3846 ¹'
416 3812 750 3875 Anbar-vates]
790 3810 833 3860 Δ
881 3809 1059 3859 duobus
1092 3808 1366 3870 fratribus.-

312 3888 536 3940 fortasse
576 3903 671 3953 pro
696 3901 798 3938 xu.
824 3890 1023 3952 legerat
1054 3902 1119 3938 ιι.
1153 3894 1208 3938 et
1234 3886 1371 3951 fugit

315 3981 429 4018 enm
455 3975 579 4018 nota
608 3967 806 4015 denarii
832 3965 1043 4015 numeri.
1076 3965 1182 4013 Jos.
1206 3964 1336 4014 θεαὶ.

381 4048 713 4112 Ambarvales]
759 4046 803 4096 A
859 4047 1096 4095 duodecim
1128 4046 1372 4108 fratribus

317 4126 616 4187 scriberem,
639 4137 740 4173 non
762 4138 790 4170 a
812 4121 1004 4184 duobus,
1028 4138 1092 4172 ex
1119 4123 1254 4173 Plin.
1283 4123 1372 4174 lib.

321 4212 482 4254 xvni.
502 4216 622 4264 cap.
643 4204 694 4249 2.
759 4199 929 4249 Gellio
953 4199 1043 4249 lib.
1067 4213 1144 4248 vr.
1178 4215 1291 4262 cap.
1325 4204 1374 4250 7.

319 4291 371 4329 et
396 4278 679 4343 Fulgentio
704 4275 768 4325 de
803 4276 1068 4338 obscuris5
1100 4284 1158 4326 ut
1184 4277 1373 4326 intelli·

315 4365 467 4423 ‘atur
497 4357 564 4407 de
601 4354 875 4406 duodecim
909 4353 1153 4404 fratribus
1192 4356 1372 4405 arvali-

1440 1248 1567 1298 bus:
1603 1248 1694 1298 sed
1719 1262 1832 1313 qum
1868 1253 2152 1311 sequuntur
2190 1245 2491 1295 Macrobius

1439 1326 1601 1375 refert
1641 1325 1728 1377 lib.
1767 1340 1850 1376 tn.
1893 1324 1967 1373 uti
1994 1339 2024 1373 a
2047 1322 2299 1387 Pompeio
2336 1323 2491 1372 Festo

1436 1405 1754 1467 conscripta:
1814 1409 1868 1452 et
1911 1404 1962 1451 in
2001 1402 2080 1450 his
2113 1403 2255 1451 nulla
2299 1401 2494 1451 mentio

1437 1479 1684 1531 fratrum:
1724 1480 1841 1530 ideo
1879 1478 2153 1530 videndum
2189 1486 2290 1538 est,
2329 1492 2391 1527 an
2415 1494 2495 1527 ar·

1435 1560 1508 1608 cis
1546 1565 1594 1608 et
1645 1558 1870 1622 frugibus
1920 1546 2194 1607 emendare
2238 1563 2495 1620 oporteat·

1436 1636 1557 1686 Ant.
1581 1636 1707 1697 Aug.

1503 1714 1807 1764 Ambarvales
1829 1714 2020 1778 hostire]
2044 1711 2186 1763 Infra
2206 1726 2301 1777 pro
2328 1727 2358 1760 a
2380 1713 2495 1761 duo-

1437 1791 1524 1841 bus
1543 1791 1787 1852 fratribus
1819 1791 2161 1853 scribendum,
2204 1800 2263 1840 ut
2295 1791 2491 1854 optime

1437 1868 1689 1932 Scaliger,
1710 1885 1740 1920 a
1761 1870 2001 1920 duodecim
2008 1868 2269 1930 fratribus.
2317 1868 2498 1931 Scrip-

1437 1956 1544 1998 tum
1569 1946 1745 1999 fuerat
1764 1966 1795 2000 a
1811 1948 2176 2007 xii.srairibus‚
2194 1954 2246 1997 et
2266 1953 2384 1997 nota
2405 1945 2494 1995 de-

1436 2025 1568 2073 narii
1612 2025 1808 2076 numeri
1844 2026 2031 2076 omissa
2063 2034 2162 2077 est.
2237 2024 2495 2088 Intelligit

1438 2108 1607 2152 autem
1632 2103 1822 2152 fratres
1846 2104 2067 2164 arvales,
2090 2116 2304 2167 quorum
2332 2101 2490 2150 talem

1439 2194 1552 2229 esse
1567 2180 1741 2229 ferunt
1760 2180 2023 2244 originem.
2061 2178 2205 2229 Acca
2219 2177 2499 2227 Laurentia

1439 2257 1640 2306 Romuli
1667 2259 1839 2306 nutrix
1865 2264 2205 2306 consueverat
2236 2271 2331 2320 pro
2357 2256 2498 2319 agris

1440 2335 1598 2384 semel
1633 2336 1684 2383 in
1721 2350 1854 2384 anno
1889 2333 2204 2396 sacrificare,
2240 2346 2342 2383 ιιι.
2379 2331 2498 2381 filiis

1440 2410 1747 2463 sacrificium
1783 2411 2216 2476 praecedentibus.
2283 2410 2358 2461 At
2381 2424 2496 2458 cum

1441 2501 1570 2538 unius
1595 2499 1821 2538 mortuus
1844 2496 2002 2550 esset,
2026 2497 2246 2552 propter
2279 2486 2499 2536 nutricis

1440 2566 1655 2629 gratiam
1703 2567 1945 2615 Romulus
1983 2567 2034 2614 in
2072 2566 2233 2615 vicem
2267 2561 2499 2612 defuncti

1441 2659 1499 2694 se
1522 2644 1795 2694 succedere
1819 2644 2112 2708 pollicetur.
2179 2642 2331 2693 Unde
2373 2647 2501 2691 ritus

1444 2724 1702 2786 processit
1726 2736 1841 2770 cum
1867 2735 1974 2771 xit.
1999 2722 2108 2785 jam
2133 2719 2385 2783 deinceps
2420 2733 2501 2767 sa·

1443 2799 1692 2862 crificare,
1718 2800 1806 2864 qui
1825 2799 2098 2848 duodecim
2139 2796 2330 2846 fratres
2354 2810 2500 2845 arva·

1443 2881 1516 2929 les
1532 2879 1660 2929 dicti
1681 2889 1817 2928 sunt.
1845 2876 1976 2927 Inde
1997 2877 2046 2925 iu
2066 2874 2289 2935 Glossis,
2305 2874 2321 2901 ‘
2339 2873 2513 2923 Aura:

1443 2959 1515 3005 les
1538 2957 1762 3016 sodales,
1781 2956 1838 3005 ·οΖ
1857 2953 1963 3018 περὶ
1986 2953 2097 3017 ὅρον
2117 2950 2502 3014 διαγινώσκοντες

1439 3033 1693 3096 &cenwelf
1726 3036 1741 3062 ‘
1763 3033 1830 3083 de
1866 3031 2054 3081 finibus
2092 3045 2332 3095 agrorum
2374 3044 2496 3093 cog·

1441 3124 1714 3163 noscentes
1731 3109 1973 3172 judices!
2013 3110 2136 3160 Duc.
2363 3105 2368 3108 “

1525 3198 1544 3223 ·
1588 3187 1925 3253 Ληιὸαιτὶοᾳκὶ]
1985 3187 2271 3236 Mendosus
2337 3186 2502 3235 locus.

1441 3268 1799 3330 scribendum,
1825 3261 2050 3326 Ambus-i,
2078 3265 2160 3329 qm·
2181 3265 2353 3313 circum
2374 3267 2504 3323 eunt,

1443 3350 1491 3395 et
1512 3345 1805 3395 catenatim.
1874 3342 2113 3392 Ambaxes
2146 3341 2253 3391 sive
2292 3337 2503 3388 Amba-ti

1445 3427 1787 3490 compositum
1830 3439 1895 3473 ex
1919 3424 2012 3473 Am
2033 3432 2087 3472 et
2113 3421 2264 3482 Actes,
2281 3421 2377 3469 hoc
2402 3428 2505 3480 est,

1446 3503 1736 3568 glomerati.
1761 3500 1927 3563 Infra,
1942 3503 1957 3529 ‘
1975 3500 2133 3560 Axes,
2151 3491 2508 3561 adglomera'ti,

1447 3579 1709 3631 universi!
1734 3582 1920 3630 Potest
1943 3588 1997 3629 et
2018 3579 2118 3643 legi
2142 3578 2290 3640 Axei,
2315 3574 2379 3625 ab
2397 3574 2503 3624 Ax·

1451 3675 1527 3721 us,
1556 3660 1673 3709 Axi.
1705 3660 1812 3708 Jos.
1839 3657 1964 3708 Scal.

1514 3734 1853 3798 Ambaoeioqui]
1876 3732 2012 3782 Vide
2044 3745 2202 3796 supra
2246 3731 2261 3756 ⁴
2280 3727 2506 3778 Ambac-

1451 3812 1571 3863 tus.'
1607 3813 1734 3861 Duc.

1515 3894 1531 3926 ²
1553 3888 1809 3952 Ambegni]
1832 3889 1907 3937 Ex
1933 3902 2008 3934 am
2031 3892 2084 3935 et
2104 3899 2276 3948 agnus,
2313 3884 2506 3946 ambag-

1450 3985 1558 4032 nus,
1582 3969 1851 4028 ambegnus.
1910 3963 2189 4026 Ambeguae
2221 3978 2362 4024 oves,
2391 3977 2505 4027 qum

1452 4062 1519 4096 ex
1542 4055 1758 4108 utraque
1785 4050 1934 4106 parte
1957 4040 2178 4090 habeant
2204 4055 2380 4105 agnos.
2437 4040 2506 4088 Et

1453 4125 1470 4153 ‘
1492 4123 1585 4173 bos
1618 4118 1902 4183 ambegna’
1939 4119 2075 4183 apud
2104 4120 2378 4186 Varronem
2420 4118 2502 4167 lib.

1456 4201 1603 4251 xvii.
1628 4198 1692 4247 de
1711 4198 1769 4247 L.
1791 4197 1849 4247 L.
1867 4211 2015 4262 quam
2039 4197 2230 4246 circum
2257 4197 2370 4245 aliae
2389 4196 2509 4250 >hos-

1455 4278 1542 4328 tiae
1576 4276 1974 4326 constituantur.
2046 4274 2303 4337 Fulgentii
2337 4273 2506 4322 locum

1453 4355 1520 4405 de
1567 4353 1816 4416 ambe-gua
1857 4365 1951 4400 ove
2000 4360 2296 4415 corruptum
2361 4357 2508 4412 puto,
