3020 4853
2332 356 2461 425 777

366 521 567 586 Italia
595 523 729 586 sint
759 520 1057 605 Phryges
1084 521 1301 603 potiti,
1336 528 1404 584 et
1432 518 1520 584 iis
1548 518 1930 603 regionibus
1964 517 2275 602 maxime,
2306 543 2461 608 quae

360 644 534 689 nunc
563 632 722 688 sunt
748 626 989 689 vicinae
1018 625 1192 703 urbi,
1210 625 1496 707 primum
1528 632 1579 663 ¹0
1607 625 1899 689 omnium
1930 622 2365 692 consecrasse
2392 630 2461 693 in

359 727 640 791 Palatio
663 726 859 791 Fidei
901 727 1264 811 templum:
1312 729 1381 792 in
1411 747 1545 812 quo
1574 733 1794 794 monte
1835 737 2077 813 postea
2117 750 2268 796 cum
2302 750 2460 795 con-

361 831 626 894 deretur
675 831 856 906 urbs,
890 832 1101 896 visam
1148 850 1297 897 esse
1331 831 1587 916 justam
1624 832 1936 896 vocabuli
1978 831 2218 897 Romae
2249 836 2467 898 nomi-

358 934 467 997 nis
499 953 804 1012 causam,¹
825 937 1104 1018 eamque
1126 943 1172 973 ¹¹
1229 936 1469 1019 priore,
1503 936 1677 1001 unde
1707 936 1788 999 e'a
1817 937 2040 1000 locum
2085 935 2464 1003 dedicavis-

359 1044 460 1103 set
491 1037 706 1103 Fidei.
764 1035 880 1102 Ait
908 1037 1176 1121 quidem
1193 1039 1621 1122 'Agathocles
1651 1039 2033 1123 complures
2056 1056 2205 1104 esse
2232 1038 2467 1106 aucto-

358 1161 488 1219 reS‚
545 1143 658 1225 qui
713 1143 939 1207 dicant
997 1143 1285 1207 AEneam
1335 1144 1670 1228 sepultum
1724 1145 1791 1207 in
1849 1144 2013 1208 urbe
2076 1144 2470 1229 Berecyntia

358 1245 666 1328 proxime
720 1244 965 1309 flumen
1015 1244 1301 1324 Nolon,¹’
1346 1253 1556 1330 atque
1610 1265 1701 1310 ex
1730 1245 1879 1330 ejus
1920 1247 2229 1330 progenie
2261 1266 2468 1331 quen·

358 1346 517 1411 dam
547 1348 817 1412 nomine
853 1346 1146 1411 Remum
1178 1348 1443 1413 venisse
1486 1350 1553 1413 in
1606 1349 1900 1427 Italiam,
1951 1358 2016 1413 et
2048 1351 2280 1414 urbem
2324 1349 2470 1414 Ro-

356 1470 537 1515 mam
587 1451 993 1516 nominatam
1045 1452 1451 1518 condidisse.
1541 1451 1796 1518 Callias
1834 1452 2234 1536 Agathoclis
2265 1461 2316 1493 ¹²
2362 1455 2469 1520 Si-

361 1550 495 1617 culi
528 1554 643 1637 qui
676 1574 779 1618 res
805 1566 1032 1637 gestas
1065 1558 1516 1640 conscripsit,c
1546 1558 1898 1622 arbitratur
1925 1578 1962 1621 e
1993 1578 2196 1624 manu
2224 1558 2469 1643 Troja-

359 1678 593 1721 norum
617 1658 1007 1740 fugientium
1034 1659 1163 1724 llio
1183 1666 1386 1743 capto
1410 1661 1675 1726 cuidam
1704 1659 1920 1725 fuisse
1938 1681 2176 1727 nomen
2201 1662 2470 1740 Latino,

358 1781 643 1845 eumque
671 1762 993 1826 habuisse
1027 1763 1381 1847 conjugem
1415 1763 1732 1842 Romam,
1763 1785 1805 1829 a
1835 1785 1992 1849 quo,
2030 1771 2105 1830 ut
2147 1765 2349 1830 Italia
2378 1766 2473 1830 sit

359 1866 642 1948 potitus,
689 1866 917 1929 urbem
962 1864 1356 1943 condiderit,
1403 1872 1605 1951 quam
1653 1866 1939 1933 Romam
1993 1869 2472 1952 appellavisse.

361 1967 688 2045 LembuS,
739 1970 849 2052 qui
894 1970 1271 2053 appellatur
1320 1968 1782 2036 Heraclides<¹
1834 1971 2199 2051 existimat,
2253 1992 2477 2037 rever-

357 2072 653 2137 tentibus
696 2073 780 2136 ab
813 2071 942 2136 llio
966 2072 1248 2137 Achivis
1281 2074 1615 2157 quosdam
1640 2083 1687 2122 ¹³
1735 2081 2134 2159 tempestate
2165 2075 2474 2159 dejectos

360 2177 432 2240 in
463 2174 684 2240 Italiae
728 2176 1031 2259 regiones
1082 2184 1345 2241 secutos
1386 2177 1652 2243 Tiberis
1685 2178 2030 2242 decursum
2064 2174 2475 2261 pervenisse,

359 2280 476 2342 ubi
506 2298 673 2343 nuuc
720 2280 808 2343 sit
841 2279 1080 2357 Roma,
1112 2280 1361 2362 ibique,
1389 2289 1668 2364 propter
1696 2281 1973 2345 taedium
2001 2282 2469 2363 navigationis,

363 2381 693 2467 impulsas
724 2381 1034 2466 captivas
1068 2384 1451 2449 auctoritate
1476 2382 1751 2467 virginis
1797 2382 2156 2468 cujusdam
2186 2389 2479 2467 tempes-¹

365 2487 552 2564 tivae,
582 2484 838 2551 nomine
872 2485 1208 2564 Romcs,¹⁴
1251 2486 1627 2552 incendisse
1673 2488 1987 2568 classem,
2019 2492 2222 2571 atque
2268 2486 2354 2551 ab
2388 2497 2474 2550 ea'

540 376 634 422 ns
685 374 1095 423 vssnnomm
1125 359 1795 421 *memnon-ross
1821 372 1963 422 me.
2011 374 2173 422 xvi.

1193 2701 1564 2724 OOOOOOOOOO

344 2840 409 2885 10
440 2837 561 2887 Vct.
580 2837 880 2902 cod-prima.
929 2838 1023 2886 Vir
1045 2837 1184 2887 doct.
1208 2839 1258 2887 in
1283 2853 1445 2902 marg.
1468 2838 1555 2889 ed.
1577 2839 1715 2889 Scsl.
1738 2839 1952 2903 conjicit
1970 2838 2172 2902 primm

2175 2842 2281 2888 .-l
2292 2842 2314 2886 l
2356 2838 2475 2887 vet.

271 2901 397 2951 coel.
432 2917 532 2952 eum
571 2906 826 2966 qum—12
861 2902 939 2953 Id.
979 2904 1196 2954 Celticus
1218 2904 1652 2966 Agathoclem—18
1691 2905 1773 2955 Id.
1795 2907 2169 2969 quendam—14
2205 2903 2304 2954 Ed.
2342 2904 2478 2956 scal.

273 2968 464 3018 Rom·

1272 3118 1487 3170 NOTAE

345 3213 370 3247 b
405 3213 633 3265 Proxime
646 3216 833 3281 flumen
851 3218 1032 3282 Nolon]
1068 3221 1154 3270 De
1175 3217 1339 3269 flumi-

1479 3219 1504 3254 ἅ
1541 3221 1763 3284 Lamban,
1784 3220 1864 3286 qui
1877 3220 2141 3285 apponatur
2168 3179 2478 3283 ,Heraclidesj

278 3305 348 3339 nc
405 3291 541 3340 Nolo
583 3293 710 3343 nihil
761 3309 972 3359 usquam
1018 3311 1101 3345 me
1154 3296 1339 3361 legisse
1417 3298 1565 3350 Idem
1598 3299 1763 3349 Solin.
1800 3313 1921 3362 cap.
1954 3302 1999 3348 1.
2030 3295 2332 3345 ‘Heraclidi
2369 3295 2478 3359 pls-

277 3365 507 3422 memini.
573 3371 739 3420 Molos
770 3380 924 3423 vocat
970 3375 1156 3437 Pomp.
1193 3375 1339 3425 Sabi·

279 3458 379 3494 nus
403 3459 455 3494 ν.
479 3445 680 3496 AEneid.
715 3448 731 3476 ⁸
758 3446 921 3499 Aiunt
953 3451 1162 3514 quidam
1186 3452 1339 3502 AEue-

279 3536 366 3571 sm
410 3523 670 3585 sepultum
715 3524 766 3573 in
800 3526 926 3575 urbe
969 3528 1343 3592 Berecynthia,

281 3613 448 3663 prope
471 3597 659 3650 flumen
692 3601 905 3652 Molon.'
969 3603 1071 3653 Sed
1105 3605 1199 3655 boc
1222 3606 1342 3654 mibi

281 3691 437 3739 nque
459 3677 692 3740 ignotum
714 3686 811 3728 est.
844 3679 997 3729 Idem.

348 3761 371 3787 θ
409 3755 590 3804 Callias
626 3756 908 3818 Agathoclis
959 3756 1111 3806 Siculi
1148 3757 1229 3821 qui
1266 3773 1343 3808 res

275 3836 446 3894 gestas
463 3831 763 3896 conscripsit]
801 3832 971 3894 Hujus
993 3833 1171 3883 Romae
1193 3835 1342 3884 muli·

280 3908 392 3958 eris
436 3907 667 3956 meminit
706 3908 1042 3971 Lycophron:
1096 3907 1259 3960 Tolous
1300 3911 1341 3960 δ’

280 3982 400 4046 luds
433 4001 507 4034 ru·
526 3981 765 4046 σύγγονον
784 3985 938 4048 λείψει
967 3986 1162 4036 διπλοῦς
1190 3987 1343 4049 Σκύμ-

281 4077 392 4112 ms
423 4058 640 4124 Aborras,
667 4057 837 4122 ἔξοχον
861 4060 1040 4123 ‘Pham
1056 4060 1212 4123 γένος.
1276 4065 1342 4114 ld

280 4147 402 4189 estz
436 4138 452 4165 ‘
473 4138 631 4187 Tales
665 4151 809 4188 meus
855 4140 967 4202 quis
1009 4140 1344 4193 consobrinus

279 4215 550 4280 relinquet
571 4214 699 4264 duos
729 4215 927 4264 catulos
967 4217 1159 4275 leones,
1185 4218 1345 4269 mexi-

281 4305 431 4343 mum
454 4291 630 4341 Romu
656 4290 854 4355 genus.’
892 4291 1039 4345 Iden.

1419 3385 1527 3438 cet,
1546 3376 1710 3441 Troja
1728 3382 1905 3439 capta,
1924 3373 2169 3438 quosdam
2180 3386 2252 3430 ,ex
2268 3370 2478 3421 Achivis

1420 3453 1470 3501 in
1494 3468 1559 3502 es
1580 3455 1715 3512 locs,
1737 3451 1828 3500 ubi
1847 3464 1987 3499 nunc
2011 3450 2174 3498 Roma
2195 3455 2297 3506 est,
2320 3446 2477 3497 deve—

1420 3530 1555 3578 nisse
1590 3542 1683 3592 per
1715 3526 1971 3576 Tiberim:
2005 3521 2194 3573 deinde
2227 3523 2479 3575 suadente

1421 3606 1611 3664 Rome,
1639 3600 1954 3652 nobilissima
1985 3601 2330 3663 captivarum,
2363 3616 2489 3667 quo,

1420 3682 1497 3731 his
1521 3694 1694 3729 comes
1717 3684 1851 3738 erat,
1885 3677 2106 3727 incensis
2130 3677 2364 3742 navibus,
2389 3694 2479 3744 po-

1422 3757 1584 3806 suisse
1607 3755 1776 3817 sedes,
1813 3753 2061 3804 struxisse
2084 3756 2291 3816 monis,
2312 3763 2368 3806 et
2389 3771 2481 3822 op-

1424 3833 1597 3897 pidum
1621 3832 1687 3882 ab
1702 3848 1764 3881 es
1781 3833 1979 3881 Romen
1996 3831 2299 3882 vocavisse!
2323 3833 2482 3884 Hunc

1422 3908 1674 3960 Lembum
1712 3906 2045 3957 Heraclidem
2080 3908 2329 3971 intelligit
2363 3909 2483 3960 Ser·

1425 3987 1538 4035 vius
1592 4001 1705 4036 cum
1750 3983 1958 4036 scribit:
2016 3984 2033 4013 ‘
2057 3984 2370 4036 Heraclides
2410 3989 2483 4040 sit

1427 4064 1622 4113 Romen
1662 4060 1887 4112 nobilem
1921 4062 2179 4125 captivam
2209 4063 2484 4130 Trojansm

1424 4142 1525 4190 buc
1548 4140 1832 4204 appulisse,
1850 4144 1907 4189 et
1921 4139 2075 4190 taedio
2092 4140 2250 4191 meris
2266 4144 2481 4194 suasisse

1427 4216 1623 4277 sedem,
1655 4231 1720 4266 cx
1753 4216 1906 4281 cujus
1940 4216 2145 4284 nornine
2180 4216 2358 4270 urbem
2395 4234 2483 4269 vo·

1428 4293 1633 4347 catam!
1668 4295 1817 4346 Iden.
