3020 4853
544 271 675 340 446

1231 286 1458 340 Sssx'rt
1514 287 1822 337 POMPssn
1876 288 2081 339 rsss‘rt

546 431 1037 516 Myrmiiionica
1059 429 1084 468 ⁸
1104 426 1125 466 f
1170 434 1365 497 scuta
1393 430 1729 507 dicebant,
1758 451 1909 497 eum
1940 433 2187 516 quibus
2227 432 2315 498 de
2343 453 2534 501 muro
2564 456 2726 521 pug-

630 536 913 600 nabant:
955 542 1144 599 erant
1176 535 1509 619 siquidem
1541 536 1624 599 ad
1655 535 1782 602 hoc
1819 537 2085 620 ipsum⁹
2116 546 2300 620 apta.

547 637 812 724 Myrtea
836 646 860 684 ⁸
892 658 1141 704 corona
1171 639 1488 723 Papirius
1521 658 1682 705 usus
1713 647 1844 719 est,
1876 640 2063 724 quod
2089 640 2343 708 Sardos
2370 643 2440 707 in
2468 645 2726 728 eampis

629 743 901 826 myrteis
932 751 1347 826 superasset.

547 841 955 930 Mancipatus
1004 847 1100 911 ila
1147 846 1541 932 adoprwaetish
1586 858 1665 914 ut
1714 826 1922 934 patris
1975 845 2157 912 sui¹⁰
2215 847 2410 914 heres
2481 850 2722 932 [FEST.

632 959 801 1031 erut,
855 948 1181 1034 adoptivus
1231 953 1388 1017 enim
1436 952 1587 1037 ejus,
1631 952 1738 1038 qui
1761 959 1806 990 ¹¹
1855 948 2141 1035 adoptat,
2187 960 2325 1017 tam
2369 952 2562 1020 heres
2602 963 2723 1031 est,

1431 1147 1437 1151 Ι
1460 1119 1818 1139 ΟΜΝΙΟΟΙΝ

609 1223 642 1267 8
680 1217 759 1267 ΑΙ.
803 1211 1260 1269 Μιιηπίιοηίσαζ--θ
1292 1216 1512 1270 Quidam
1553 1197 1643 1265 sib.
1678 1222 1960 1268 usum—10
1994 1217 2089 1269 Ed.
2127 1218 2263 1269 scat.
2312 1221 2451 1284 patri
2483 1220 2576 1270 sai.
2640 1220 2724 1270 Vir

545 1284 684 1335 doct.
710 1284 763 1333 in
784 1300 945 1350 marg.
969 1285 1191 1349 ejusdem
1215 1285 1302 1335 ed.
1325 1284 1539 1348 conjicit
1562 1289 1788 1336 sum—11
1831 1284 2022 1336 Eadem
2039 1283 2124 1337 ed.
2146 1300 2255 1354 quo.

1527 1449 1742 1500 NO‘rAE
1811 1413 1817 1420 ⁵

610 1581 632 1614 ¹
658 1582 1035 1648 Myr-minantem]
1087 1584 1272 1634 Potius
1295 1592 1462 1644 scuta,
1485 1580 1598 1647 qui-

545 1661 642 1711 bus
659 1660 987 1722 gladiatores,
1006 1662 1054 1709 Μ
1062 1662 1359 1724 yrmiiiones
1375 1661 1597 1724 scilicet,

545 1737 841 1789 utebantur.
879 1740 1028 1787 Idem.

611 1821 634 1854 ε
668 1811 888 1875 Myrtea]
918 1810 1091 1862 Infra:
1129 1813 1221 1863 Est
1235 1811 1601 1877 fragmentum,

546 1890 684 1954 quod
715 1892 940 1952 pertinet
982 1889 1046 1939 ad
1082 1892 1286 1940 literam
1317 1893 1371 1947 S,
1406 1891 1471 1939 de
1494 1892 1601 1940 suis

449 2030 452 2032 Α
546 1973 601 2024 et
623 1967 929 2016 necessariis
967 1967 1260 2019 heredibus.
1327 1969 1490 2033 Cujus
1522 1970 1600 2020 hae

546 2049 732 2091 extant
754 2042 1007 2107 reliquiae.
1031 2078 1044 2093 .
1065 2078 1078 2091 .
1099 2079 1113 2093 .
1131 2050 1183 2092 ut
1208 2045 1342 2107 patri
1363 2059 1444 2094 suo
1469 2045 1604 2094 heres

543 2120 787 2170 existeret.
853 2121 921 2169 Et
958 2126 1054 2170 tam
1092 2121 1226 2171 heres
1255 2128 1343 2182 est,
1379 2121 1601 2186 quamsi

543 2196 669 2246 idem
686 2196 736 2246 in
750 2201 981 2260 potestate
999 2197 1152 2247 atiena
1174 2197 1471 2258 nonsuisset,
1487 2213 1601 2248 suus

543 2278 707 2326 heres:
732 2281 782 2324 ut
798 2281 928 2339 potet
949 2291 1012 2325 ex
1029 2292 1100 2339 eo,
1117 2278 1239 2340 quod
1256 2277 1327 2328 ait
1345 2274 1599 2343 Sulpitius‚

544 2353 598 2402 ia
618 2367 673 2404 ea
694 2353 922 2412 oracione,
942 2368 1081 2416 quum
1108 2353 1239 2402 dixit
1267 2369 1355 2417 pro
1383 2353 1600 2418 Aufidia.

543 2431 885 2495 Perspicuum
909 2440 1011 2493 est,
1036 2431 1170 2496 quod
1195 2435 1285 2487 ait,
1309 2432 1373 2482 de
1404 2447 1485 2494 eo,
1512 2432 1600 2496 qui

542 2508 597 2558 iu
631 2508 960 2573 adoptionem
991 2508 1164 2572 datus,
1192 2524 1221 2557 a
1258 2518 1407 2572 patre
1437 2507 1599 2571 adop-

541 2586 651 2634 tivo
676 2586 1029 2651 erriancipatus
1062 2593 1159 2636 est.
1224 2586 1352 2635 Tam
1382 2583 1518 2634 enim
1555 2585 1599 2634 is

542 2662 694 2713 heres
716 2671 796 2713 est
823 2663 1071 2715 beneficio
1095 2664 1367 2723 Praetoris,
1383 2676 1534 2729 quam
1557 2662 1599 2711 si

542 2739 596 2793 in
621 2738 790 2791 aliena
815 2749 1076 2805 potestate
1110 2756 1210 2790 nou
1244 2740 1450 2802 fuisset,
1480 2752 1601 2790 suus

542 2818 691 2866 heres
717 2814 920 2866 futurus
945 2826 1076 2881 eret,
1092 2819 1210 2882 jure
1233 2817 1371 2868 civili
1393 2833 1407 2867 ε
1443 2831 1602 2882 quan—

543 2908 693 2959 quam
717 2908 819 2944 non
843 2896 1021 2959 ignoro
1046 2896 1096 2945 in
1123 2896 1370 2946 bonorum
1397 2910 1600 2958 posses·

544 2969 774 3020 sionibus
793 2986 977 3022 nomen
995 2971 1198 3021 heredis
1210 2973 1604 3035 καταχρηστικῶς

544 3047 685 3110 poni.
756 3048 959 3097 Praetor
992 3049 1127 3097 enim
1162 3048 1406 3101 heredem
1428 3047 1604 3100 facere

543 3138 647 3187 non
670 3129 865 3187 potest.
898 3125 1001 3172 Jos.
1023 3123 1153 3174 διαὶ.

608 3199 828 3266 Myrtea]
877 3200 1009 3250 Mihi
1042 3200 1248 3265 quidem
1281 3200 1443 3265 ignoti
1481 3208 1603 3254 sunt

544 3277 710 3341 campi
734 3276 810 3327 ini
833 3276 1039 3341 myrtei,
1058 3277 1146 3327 ubi
1171 3277 1361 3328 Sardos
1383 3292 1598 3343 supera-

545 3357 621 3407 vit
644 3355 902 3421 Papirius.
939 3357 1066 3407 Dae.

607 3432 631 3467 ¹²
653 3434 958 3498 mancipatus
973 3434 1044 3485 ita
1064 3436 1357 3501 adoptantis]
1382 3435 1467 3486 Ad
1485 3437 1600 3488 lite·

543 3528 653 3564 ram
691 3527 719 3562 s
778 3512 873 3563 hoe
926 3510 1272 3576 fragmentum
1337 3516 1600 3580 pertinere

535 3589 794 3656 judicavit
838 3590 1091 3654 Scaliger,
1134 3592 1257 3655 quia
1292 3591 1362 3640 ibi
1398 3591 1462 3641 de
1499 3591 1600 3641 suis

543 3676 599 3718 et
616 3667 916 3718 necessariis
952 3666 1225 3718 heredibus
1250 3670 1437 3729 agitur.
1493 3667 1600 3719 Sed

544 3744 617 3794 sic
655 3745 812 3795 etiam
847 3745 976 3797 illud
1007 3759 1106 3796 non
1144 3743 1309 3794 minus
1352 3743 1417 3793 ad
1447 3760 1496 3796 m
1539 3745 1597 3795 ii·

545 3828 711 3873 teram
755 3822 1064 3884 pertineret,
1097 3836 1215 3872 eum
1257 3827 1379 3884 agat
1419 3820 1486 3870 de
1515 3835 1599 3885 eo,

545 3898 635 3961 qui
658 3911 687 3945 a
711 3905 858 3960 patre
882 3899 1227 3962 mancipatus,
1254 3905 1310 3947 et
1341 3903 1524 3962 postea
1547 3899 1599 3948 in

546 3972 882 4037 adoptionem
906 3972 1077 4034 datus,
1092 3973 1165 4022 ita
1190 3972 1491 4038 adoptantis
1510 3988 1602 4037 ps-

546 4048 641 4099 tris
663 4047 812 4097 heres
848 4047 929 4113 fit,
953 4057 1010 4099 ut
1044 4050 1203 4113 patris
1238 4051 1316 4100 sui
1349 4051 1600 4103 naturalis

546 4138 670 4174 suus
714 4123 862 4173 heres
907 4132 1037 4174 erat.
1118 4124 1598 4178 Animadverteram

547 4210 823 4268 antequam
846 4200 899 4255 in
918 4202 1136 4257 schedas
1150 4203 1457 4257 incidissem.
1495 4205 1602 4257 Hie

1683 1587 1854 1631 autem
1877 1579 2016 1629 aliud
2044 1579 2269 1631 intendit
2290 1579 2567 1644 Sulpicius,
2585 1589 2726 1645 quam

1681 1658 1819 1723 quod
1866 1659 2031 1722 primo
2075 1666 2291 1722 aspectu
2332 1658 2495 1707 videri
2541 1668 2725 1723 potest.

1683 1736 1867 1801 Neque
1911 1736 2045 1785 enim
2090 1735 2221 1785 dicit
2273 1735 2623 1798 mancipatum
2676 1743 2725 1784 et

1685 1814 1980 1878 adoptantis
2004 1814 2169 1876 patris
2191 1820 2246 1861 et
2279 1813 2447 1877 patris
2487 1813 2727 1861 naturalis

1683 1906 1829 1941 suum
1853 1891 2094 1940 heredem
2119 1905 2230 1940 esse
2262 1889 2446 1939 eodem
2481 1897 2726 1952 tempore.

1678 1969 1734 2019 Si
1758 1968 1833 2020 ita
1855 1969 2072 2028 diceret,
2095 1973 2341 2031 peccaret
2363 1974 2533 2016 certe.
2598 1966 2725 2017 Nam

1681 2046 2002 2111 mancipatus
2041 2044 2208 2108 patris
2253 2043 2488 2107 adoptivi
2535 2053 2726 2097 tantan

1680 2138 1802 2173 suus
1825 2122 1975 2171 heres
1999 2127 2111 2170 erat
2132 2135 2249 2170 cum
2275 2129 2412 2169 esset
2434 2121 2488 2169 in
2511 2119 2626 2183 ejus
2647 2136 2726 2184 po·

1683 2208 1894 2250 testate.
1962 2197 2210 2263 Equidem
2237 2197 2357 2260 jure
2381 2198 2627 2261 praetorio
2647 2213 2726 2246 vo-

1681 2278 1901 2326 cabatur
1941 2277 1992 2325 in
2034 2275 2218 2326 tertios
2263 2274 2504 2337 heredes,
2546 2276 2728 2323 rescisa

1679 2354 1884 2404 scilieet
1923 2352 2356 2416 emancipatione,
2400 2353 2500 2402 hoe
2546 2353 2727 2410 colore,

1679 2433 1813 2497 quod
1849 2431 1970 2481 iicet
2012 2431 2227 2480 desierit
2270 2445 2384 2480 esse
2424 2445 2549 2479 suus
2591 2432 2727 2479 heres

1680 2509 1847 2574 patris
1899 2509 2169 2565 naturalis,
2212 2522 2314 2557 non
2365 2515 2542 2559 tamen
2587 2510 2732 2558 desiit

1681 2599 1793 2636 esse
1810 2583 1961 2635 filius.
2017 2586 2092 2634 At
2115 2594 2382 2651 postquam
2407 2586 2726 2650 placuitJus-

1682 2662 1877 2712 tiniano
1898 2661 2173 2710 emendare
2189 2662 2275 2725 jus
2297 2662 2425 2710 iliud
2450 2663 2727 2727 antiquum,

1681 2740 1833 2803 fliius,
1856 2754 2006 2804 quem
2032 2748 2184 2803 pater
2212 2748 2466 2789 extraneo
2485 2742 2730 2806 adoptau-

1682 2818 1803 2867 dum
1827 2816 2061 2880 dederat,
2083 2817 2135 2867 in
2168 2818 2325 2881 patris
2361 2821 2617 2869 naturalis
2647 2833 2728 2883 po·

1684 2903 1878 2946 testate
1903 2903 2155 2956 remanet,
2180 2896 2254 2945 ita
2277 2904 2335 2946 ut
2367 2897 2510 2960 patri
2536 2896 2728 2959 adopti-

1687 2987 1748 3022 vo
1791 2971 2037 3021 succedat
2094 2980 2292 3022 tantum
2350 2972 2416 3022 ab
2467 2974 2727 3023 intestato.

1683 3049 1913 3101 Necesse
1936 3054 2021 3096 est
2042 3047 2201 3110 igitur
2223 3047 2361 3098 aliud
2388 3050 2609 3099 voluisse
2625 3050 2728 3098 Sul·

1683 3126 1892 3190 pieium.
1959 3126 2039 3175 En
2083 3125 2209 3176 tibi:
2263 3126 2356 3175 Sui
2399 3126 2620 3176 heredes
2657 3126 2726 3175 di-

1684 3210 1890 3266 cuntur,
1912 3204 2000 3266 qui
2034 3211 2153 3252 sunt
2184 3203 2235 3252 in
2269 3210 2540 3267 potestate
2576 3205 2726 3269 patris

1683 3280 1967 3340 morientis,
1987 3287 2046 3328 ut
2071 3274 2223 3343 fliius,
2253 3279 2379 3342 filia,
2403 3294 2588 3345 nepos,
2610 3295 2727 3343 nep·

1680 3359 1770 3418 tis,
1791 3357 1899 3405 sive
1918 3357 2199 3411 naturales,
2220 3357 2328 3406 sive
2351 3358 2574 3421 legitimi
2594 3375 2606 3404 ε
2630 3360 2724 3420 teg.

1678 3448 1720 3484 1.
1751 3431 1809 3485 ff.
1846 3432 1913 3483 de
1940 3435 2045 3482 suis
2078 3438 2135 3484 et
2169 3433 2383 3498 legitim.
2418 3433 2600 3483 her-ed.
2625 3436 2653 3498 §
2681 3439 2725 3482 2.

1680 3510 2012 3574 mancipatus
2042 3518 2212 3560 autem
2236 3511 2288 3559 in
2314 3510 2480 3574 patris
2502 3509 2724 3575 adoptivi

1680 3588 1923 3637 familiam
1949 3587 2216 3651 transibat,
2237 3586 2474 3652 adeoque
2505 3578 2630 3638 enm‘
2654 3600 2727 3635 es-

1680 3664 1835 3714 setin
1858 3665 1972 3728 ejus
2004 3671 2266 3729 potestate
2298 3673 2441 3715 recte
2472 3664 2591 3729 ejus
2612 3678 2722 3713 snus

1679 3744 1830 3794 heres
1854 3752 1986 3793 erat.
2051 3742 2446 3807 Desinebatque
2473 3743 2636 3807 patris
2655 3742 2724 3791 sai

1679 3820 1929 3870 naturalis
1950 3834 2070 3869 suus
2093 3820 2241 3869 heres
2262 3834 2396 3884 esse,
2412 3820 2536 3884 quia
2555 3820 2606 3869 in
2622 3820 2723 3883 ejus

1680 3902 1941 3961 potestate
1964 3908 2075 3944 esse
2098 3894 2325 3944 desierat
2347 3910 2365 3955 ς
2397 3895 2492 3945 sed
2516 3897 2560 3945 si
2595 3895 2717 3945 idem

1679 3980 1829 4037 pater
1851 3970 2100 4021 naturalis
2124 3969 2282 4021 filium
2305 3970 2483 4021 ustum
2503 3972 2561 4021 in
2580 3971 2721 4031 adep-

1679 4049 1871 4103 tionem
1894 4047 2066 4111 denuo
2086 4048 2494 4113 readeptaverit,
2518 4055 2625 4098 tum
2641 4048 2718 4096 iile

1680 4127 1962 4177 revertitur
1979 4126 2028 4175 in
2047 4132 2356 4190 potestatem
2376 4125 2559 4189 patris,
2573 4134 2715 4187 atque

1681 4202 1809 4256 adeo
1848 4215 1968 4252 suus
2003 4202 2156 4253 heres
2187 4209 2287 4265 est,
2318 4201 2422 4265 leg.
2460 4203 2540 4254 12.
2570 4204 2646 4255 41.
2666 4204 2712 4250 et
