3020 4853
430 662 830 786 SEX.
907 658 1758 781 POMPEII
1859 652 2374 773 FESTI

1299 959 1460 1015 ‘DE

314 1170 1171 1264 VERBORUM
1272 1160 2496 1263 SIGNIFICATIONE

1150 1425 1481 1504 LIBER
1555 1424 1668 1500 11.

332 1919 671 2006 BACAR'*
708 1960 831 2006 vas
859 1938 1189 2004 vinarium
1226 1935 1445 2002 simile
1477 1935 1814 2001 bacrioni.¹

330 2040 778 2111 Bacchanalia
799 2042 824 2081 δ
853 2043 1240 2110 dicebantur
1267 2039 1522 2106 Bacchi
1551 2040 1754 2105 festa.
2503 2093 2508 2099 .

331 2147 730 2214 Bacrionem
747 2157 771 2185 ⁶
794 2148 1110 2214 dicebant
1151 2164 1355 2229 genus
1385 2144 1571 2210 vasis
1615 2142 1936 2228 longioris
1976 2138 2334 2207 manubrii:
2382 2137 2508 2201 hoc

422 2252 538 2317 alii
569 2254 830 2319 trullam
871 2251 1231 2338 appellant.

333 2354 622 2442 Bajulos
640 2353 667 2392 ‘¹
699 2356 1017 2423 dicebant
1046 2354 1354 2441 Antiqui,
1385 2371 1565 2439 quos
1609 2371 1786 2417 nunc
1825 2348 2108 2417 dicimus
2135 2345 2510 2433 operarios:

424 2460 600 2526 unde
633 2460 852 2527 adhuc
878 2460 1163 2545 bajulari
1192 2458 1458 2523 dicitnr.
1903 2509 1904 2512 ,

336 2563 638 2632 Balaenae
658 2573 681 2602 ⁹
710 2584 946 2631 nomen
973 2583 1017 2629 a
1040 2561 1285 2628 Graeco
1313 2557 1691 2626 descendit:
1750 2559 1924 2623 hanc
1950 2554 2056 2621 illi
2097 2548 2376 2638 φάλαιναν
2415 2546 2518 2613 di-

1246 2722 1279 2746 0

1589 2722 1621 2745 Ο

409 2838 433 2882 1
471 2833 616 2883 Vett.
638 2832 768 2883 libb.
790 2833 1021 2883 Buccioai
1041 2831 1122 2884 vel
1145 2829 1485 2882 Botriana—2
1522 2828 1628 2879 Hic
1661 2840 1866 2894 quoque
1899 2831 2030 2876 vett.
2066 2821 2193 2874 libb.
2241 2821 2521 2871 Buccionem

338 2901 427 2948 vel
447 2898 742 2948 Βαεήωιειιι.

1321 2977 1536 3030 NOTAE

404 3086 429 3113 ⁸
463 3075 646 3142 Bam]
666 3076 1006 3138 Glossarium,
1027 3075 1044 3105 ‘
1060 3075 1253 3137 Bavar,
1266 3073 1389 3127 «Bos
1471 3074 1770 3126 mulieribus
1793 3071 1972 3121 itidem
1999 3067 2171 3133 nudis,
2189 3077 2367 3116 omnes
2388 3062 2526 3127 pari·

337 3154 572 3219 amico!
589 3155 956 3219 1aegc,Baeco=-.
967 3151 1155 3204 Isidori
1166 3153 1388 3216 Glossm,
1473 3159 1558 3204 ter
1578 3152 1748 3204 omnia
1780 3149 2012 3200 membra
2031 3143 2285 3213 pampinis
2307 3149 2363 3192 et
2385 3153 2528 3190 race-

336 3237 356 3264 ⁸
380 3234 713 3295 Baccarium,
744 3246 834 3283 vas
874 3230 1171 3297 aquarium.’
1237 3228 1393 3283 Quod
1474 3230 1570 3280 mis
1591 3226 1843 3294 impediti,
1858 3226 1960 3277 huc
1982 3233 2038 3275 et
2054 3222 2177 3273 illuc
2202 3219 2344 3270 varia
2365 3217 2529 3282 gesti·

339 3311 431 3364 bic
460 3310 649 3362 dicitnr
673 3309 901 3361 bacrioni
922 3323 1016 3360 vas
1036 3308 1219 3370 simile,
1240 3309 1394 3359 immo
1471 3307 1727 3357 culatione
1782 3303 2136 3353 discurrentes
2207 3292 2529 3348 inconditum

339 3388 485 3439 idem
500 3393 581 3438 est
596 3388 612 3416 ⁸
629 3385 820 3450 bacar,'
841 3387 858 3415 ‘
880 3384 1176 3450 bacarium,’
1193 3393 1247 3435 et
1269 3385 1286 3413 ⁸
1306 3384 1394 3435 ba·
1473 3397 1683 3434 carmen
1727 3380 1935 3432 Baccho
1975 3376 2322 3432 cantitabam,
2363 3370 2531 3422 donec

343 3462 630 3525 cario,’scu
649 3462 668 3490 ‘
688 3460 900 3512 bacrio!
962 3459 1152 3511 Isidori
1174 3460 1397 3523 (Mosae,
1472 3460 1604 3512 ebrii
1625 3473 1802 3510 omnes
1821 3456 2242 3522 procumberent.
2266 3453 2392 3503 Duc.

343 3542 362 3570 ‘
390 3540 619 3598 bacuio,
675 3540 868 3591 urceoli
927 3538 1122 3604 genus?
1187 3538 1396 3591 Gloasa·
1539 3545 1562 3571 θ
1595 3533 1902 3597 Burrio-em]
1933 3532 2122 3583 Bacrio
2144 3538 2316 3580 tamen
2338 3532 2394 3577 et
2409 3522 2533 3574 trul-

345 3618 499 3681 rium,
516 3623 532 3646 ⁸
551 3613 1211 3682 &cemma-opomerum?
1232 3628 1397 3666 mere·
1475 3615 1530 3665 la
1559 3627 1624 3663 eo
1656 3610 1926 3673 differunt,
1948 3608 2087 3675 quod
2126 3607 2234 3663 ille,
2255 3617 2345 3654 vas
2377 3613 2533 3667 aqna·

347 3695 567 3747 tricibus
613 3708 797 3760 aquam
841 3690 1136 3744 infundens.
1202 3691 1395 3742 Recte:
1477 3691 1629 3752 rium,
1646 3690 1759 3739 lunc
1778 3702 1897 3738 vcro
1915 3685 2184 3736 vinarium.
2218 3680 2407 3732 Horat.
2423 3676 2535 3727 Sat.

343 3787 464 3825 nam
486 3787 521 3822 a
540 3786 682 3829 vase,
703 3770 923 3820 ministri
942 3771 1097 3821 etlam
1116 3768 1245 3820 dicti
1280 3768 1400 3819 bac·
1479 3767 1571 3818 lib.
1595 3779 1659 3818 ιι.
1694 3765 1711 3793 ‘
1732 3764 1837 3818 Qui
1860 3763 2209 3813 Veientanum
2240 3754 2387 3805 festis
2416 3765 2535 3816 por·

348 3850 605 3910 cationes,
648 3846 873 3913 aquarii;
907 3861 1026 3897 nam
1071 3844 1268 3912 aquarii
1309 3859 1403 3895 seu
1481 3852 1596 3895 tare
1634 3841 1815 3893 diebus
1850 3839 2116 3901 Campana
2149 3832 2330 3884 solitus
2362 3829 2539 3885 trulla,

349 3927 603 3993 aquarioli
621 3922 961 3989 τορνοδιόκονοι
988 3939 1019 3974 a
1040 3924 1313 3975 Veteribus
1330 3923 1405 3972 di·
1488 3933 1815 3985 vappamque
1839 3911 2117 3982 profestis.'
2154 3912 2304 3960 Idem.

350 4005 625 4067 cebantnr,
656 4011 715 4054 ut
735 4003 966 4068 superius
995 4002 1261 4053 annotavit
1287 4002 1408 4052 ch·
1550 3998 1576 4033 ‘¹
1607 3992 1830 4059 Bajalos]
1861 3992 1910 4043 Α
1935 3989 2227 4056 bajulando,
2244 3986 2298 4037 ‘ld
2331 3990 2432 4047 0⁸2,
2459 3983 2538 4035 fe·

349 4092 436 4133 tus
464 4084 597 4147 ipse,
630 4082 794 4131 utitur
814 4088 872 4132 et
888 4079 1257 4143 Tertullianus,
1281 4079 1406 4129 item
1485 4073 1675 4126 rendo:
1728 4084 1829 4136 quo
1883 4082 2002 4121 usus
2055 4066 2289 4129 Plautus,
2336 4062 2541 4113 Asinar-

353 4159 633 4224 Apuleius,
653 4167 709 4209 et
727 4159 831 4209 alii.
859 4159 963 4208 Jor.
986 4157 1114 4209 Seni.
1488 4154 1504 4181 ‘
1516 4154 1631 4220 Ego
1646 4147 1910 4216 bajulabo,
1926 4154 2002 4209 tu,
2014 4153 2073 4196 ut
2088 4143 2243 4195 decet
2257 4140 2540 4200 dominnm,

418 4236 446 4271 Β
476 4235 822 4300 Bacchanalia]
860 4234 963 4284 Per
988 4242 1319 4288 auctumnum
1341 4233 1409 4285 de
1491 4235 1610 4280 anto
1632 4240 1715 4276 me
1736 4226 1811 4276 ito
1833 4222 2035 4275 inanis!
2069 4222 2219 4272 Idem.

354 4322 511 4364 nocte
533 4311 813 4371 celebrata,
836 4310 1018 4377 quibus
1037 4309 1133 4363 viri
1156 4310 1277 4362 nudi
1295 4325 1411 4364 cum
1557 4315 1578 4342 ²
1605 4302 1853 4368 Balaenoe]
1870 4301 1934 4353 In
1950 4299 2050 4352 line
2068 4303 2343 4365 corruptus
2367 4295 2508 4345 locus
2520 4307 2539 4342 z
