3020 4853
498 385 595 431 Dss
642 384 1054 434 vssnnolum
1103 385 1722 436 stcnlmoATlouss
1770 389 1914 441 1018.
1958 390 2120 440 x1v.

2269 378 2400 445 66⁷

313 549 444 590 cum
476 527 638 592 locus
664 529 744 593 sit
774 530 884 616 qui
898 528 1101 614 finem
1145 527 1384 593 Urbani
1412 530 1677 616 auspicii
1703 530 1945 620 faciat,
1976 535 2147 600 intra
2175 558 2400 625 agrum

314 628 566 714 effatum
613 631 791 697 certis
844 631 1142 719 regionib.
1196 632 1559 698 terminatus
1606 634 1692 699 ad
1745 637 2055 722 captanda
2101 640 2400 726 auspicia,

312 754 487 818 quem
532 732 707 799 liceat
741 733 1049 823 proferre,
1080 758 1251 803 nemo
1296 748 1499 802 tamen
1551 737 1951 821 Aventinum,
1981 763 2120 806 cum
2169 763 2401 828 pomoe·

313 835 473 898 rium
488 836 760 920 protulit
788 838 958 902 intra
987 839 1227 905 moenia
1258 839 1526 923 inclusit,
1555 844 1730 930 cujus
1773 845 1866 911 rei
1905 866 2090 910 causa
2115 844 2232 909 illa
2249 867 2403 931 pro-

316 935 521 1019 batur,
551 939 717 1026 quod
737 939 1039 1007 Remus
1013 965 1080 1007 m
1110 966 1178 1008 eo
1207 944 1642 1029 auspicaverit,
1673 968 1929 1035 avesque
1958 947 2176 1013 irritas
2203 946 2402 1012 babu-

315 1040 481 1103 erit.-
524 1042 594 1107 in
626 1045 916 1130 sequenti
943 1057 1150 1111 autem
1192 1058 1368 1112 aetate
1401 1047 1704 1114 inclusum
1730 1050 1934 1118 aiunt.
2021 1049 2403 1116 Pomoerium

316 1144 373 1206 si
400 1150 633 1208 tactum
664 1170 701 1210 a
734 1148 1008 1232 privatis
1015 1149 1274 1237 suisset,
1297 1172 1484 1236 poena
1513 1160 1753 1218 statuta
1783 1165 1940 1219 erat.
2025 1154 2404 1221 Pontificale

306 1249 667 1329 pomoerium
703 1249 1104 1335 appellabant
1135 1252 1334 1318 locum
1362 1253 1541 1318 illum
1571 1276 1922 1341 agrumque
1942 1279 2104 1343 pone
2132 1279 2400 1336 murum,

314 1349 380 1412 in
408 1371 528 1436 quo
548 1352 869 1437 pontifices
909 1376 1026 1421 sua
1055 1359 1518 1423 constituerent
1546 1356 1809 1444 hospitia
1832 1384 1852 1424 .-
1895 1382 2032 1424 cum
2060 1371 2266 1425 autem
2284 1382 2403 1444 po-

312 1452 587 1517 moerium
603 1452 1028 1542 proferretur,
1058 1464 1195 1524 tum
1225 1481 1493 1547 augures
1507 1459 1791 1546 publicos
1822 1462 1901 1526 P.
1935 1461 2023 1527 R.
2053 1460 2174 1528 baec
2217 1460 2403 1527 verba

302 1556 537 1640 praeire
561 1559 837 1627 solitos:
870 1558 993 1625 Dii
1018 1561 1312 1629 tutelares
1351 1560 1537 1628 Urbis
1553 1563 1922 1650 pomoerium
1942 1563 2053 1631 boc
2069 1587 2146 1630 ne
2162 1566 2402 1643 minus..

228 1662 234 1670 ‘
309 1659 615 1745 majusve
634 1659 874 1751 faxitis
898 1688 918 1729 .·
960 1659 1068 1730 se'd
1106 1667 1184 1730 iis
1224 1666 1393 1753 quib.
1421 1667 1818 1733 terminatum
1844 1689 1876 1733 e
1907 1669 2279 1756 regionibus
2311 1669 2405 1733 ef·

311 1761 607 1827 ferentiS.
635 1762 868 1829 dictum
897 1777 1103 1834 autem
1145 1768 1391 1834 videtur
1425 1771 1790 1856 pomaerium
1815 1773 2027 1838 veluti
2058 1778 2213 1858 post
2240 1793 2405 1837 moe-

310 1886 430 1943 ros,
459 1864 533 1928 id
558 1877 666 1946 est,
695 1870 864 1954 quod
889 1883 1037 1936 esset
1067 1883 1233 1937 retro
1264 1884 1323 1937 et
1350 1873 1519 1941 intro
1551 1895 1776 1942 muros
1807 1875 2034 1942 Urbis.

228 1965 537 2040 Prosita,¹
558 1967 581 2004 ¹³
622 1975 994 2057 proposita.

2131 1977 2404 2064 [Psun.

230 2069 567 2156 Prospera
588 2083 611 2110 ⁶
655 2095 933 2160 quaenam
953 2085 978 2115 ²
1020 2079 1268 2144 nomina
1314 2081 1699 2168 usurpabant
1733 2082 1998 2171 antiqui,
2028 2082 2096 2146 in
2154 2080 2243 2166 [F
2254 2098 2405 2148 tsS'r.

308 2175 369 2240 E
397 2176 753 2256 declinata,
798 2189 870 2242 ut
906 2180 1245 2266 praefiscine
1272 2193 1544 2249 extrema
1564 2183 1889 2270 producta
1928 2185 2208 2272 syllaba,
2237 2181 2407 2247 vide-

303 2274 440 2342 licet
486 2289 561 2343 ut
603 2293 985 2347 occurrerent
1005 2281 1286 2371 fascino,
1326 2296 1403 2351 ut
1450 2288 1550 2352 ait
1578 2288 1660 2353 L.
1694 2286 1971 2366 Cincius,
2015 2285 2183 2374 quod
2221 2286 2405 2350 etiam

286 2379 443 2464 fieri
468 2385 778 2449 consuevit
806 2384 872 2451 in
901 2387 1173 2456 familiae
1198 2390 1541 2477 purgandae
1567 2412 1759 2458 sacro.
1806 2438 1823 2456 .

1138 2574 1430 2596 eneeeeeee

1432 2576 1491 2595 00

286 2691 310 2737 l
347 2688 474 2739 Dac.
496 2689 749 2755 scriptum
770 2690 931 2743 fuisse
955 2699 1105 2758 putat
1125 2693 1414 2745 Pasiam—2
1450 2694 1549 2745 Ed.
1573 2696 1711 2746 Scal.
1735 2698 1964 2760 quadan.

1209 2876 1419 2928 NOTAE

224 2985 288 3036 iis
310 2987 504 3039 factum
530 2994 629 3040 est.
696 2990 883 3054 Neque
899 2991 1033 3040 euim
1053 2992 1274 3055 spatium

222 3061 362 3121 illud,
399 3066 542 3132 quod
575 3072 696 3117 aute
731 3082 903 3118 muros
939 3066 1057 3129 fuit,
1111 3068 1274 3132 magia

217 3146 471 3203 potuer-ium
491 3144 594 3193 dici
616 3146 799 3208 possit,
831 3161 982 3211 quam
1013 3146 1275 3196 exercitus

224 3229 340 3282 post
362 3237 534 3273 muros
577 3225 780 3282 sedere,
802 3226 889 3289 qui
928 3231 1048 3274 aute
1088 3227 1276 3276 moenia

220 3305 387 3349 castra
404 3309 632 3350 metatus
655 3309 755 3350 est.
791 3303 915 3351 Dae.

281 3374 304 3409 ὓ
338 3376 559 3441 Praesta]
599 3377 738 3427 Nihil
782 3379 864 3428 hic
905 3378 1091 3429 video:
1141 3387 1272 3444 puto

219 3453 469 3518 scriptum
491 3453 650 3504 fuisse
672 3456 856 3506 Posito.
896 3455 913 3483 ⁸
934 3454 1155 3505 Ponere’
1179 3471 1273 3521 pro

217 3530 576 3596 ‘proponere-⁹
639 3533 708 3582 Et
732 3533 807 3582 ita
832 3541 928 3583 est.
965 3534 1115 3583 Idem.

279 3616 302 3643 0
336 3609 600 3674 emper-a]
625 3609 972 3674 Interpretem
995 3608 1274 3660 desiderat.

218 3683 333 3737 Ant.
357 3686 490 3750 Aug.

281 3762 545 3828 Prospera]
598 3763 840 3813 Fortasse
879 3762 1102 3825 dicebat,
1156 3777 1270 3827 pro·

220 3851 369 3901 spera
398 3837 640 3905 quaedam
681 3854 773 3890 uos
813 3853 1060 3904 usurpare
1103 3840 1273 3889 solere

220 3916 425 3966 uomina
445 3916 774 3981 proefisciuae,
796 3916 934 3982 quod
957 3915 1272 3966 declinatum

216 3992 285 4042 ait
302 4000 541 4044 extrema
576 3995 829 4068 producta
865 3993 1083 4059 syllaba,
1105 4001 1164 4044 ut
1185 4008 1274 4044 oc·

218 4082 482 4121 curramus
520 4068 737 4134 fascino,
759 4081 815 4121 ut
839 4071 912 4121 ait
954 4072 1012 4120 1..
1043 4071 1274 4135 Cincius,

218 4146 354 4210 quod
397 4147 553 4197 fleret
593 4148 747 4198 etiam
796 4147 849 4197 iu
900 4144 1113 4199 familias
1154 4162 1275 4212 pur·

220 4224 397 4290 ganda
411 4238 578 4276 sacro.
610 4224 708 4274 His
722 4238 823 4274 non
842 4223 1095 4274 absimilia
1109 4226 1274 4289 scrip-

217 4303 338 4355 sisse
363 4303 485 4354 mihi
507 4301 716 4387 videtur
737 4301 964 4353 Plinius:
999 4303 1016 4331 ‘
1034 4317 1126 4355 cur
1141 4303 1274 4369 pub-

1353 2990 1467 3041 licis
1506 2992 1683 3042 lustris
1732 2994 1889 3043 etiam
1934 2992 2137 3043 nomina
2173 2990 2406 3042 victimas

1355 3067 1656 3129 ducentium
1688 3084 1938 3134 prospera
1959 3069 2206 3133 legimus?
2241 3083 2331 3118 cur
2353 3076 2410 3118 et

1352 3142 1780 3197 fascinationibus
1824 3147 2128 3198 adoratione
2161 3146 2410 3211 peculiari

1353 3224 1700 3273 occurrimus?
1719 3224 1941 3275 Titinius
1961 3224 2174 3275 Setina:
2204 3224 2219 3252 ⁸
2242 3223 2408 3275 Paula

1352 3312 1486 3362 mea,
1508 3300 1707 3363 amabo,
1730 3302 1973 3366 pollulam
2005 3301 2210 3352 laudem
2234 3302 2411 3351 addito

1353 3375 1677 3427 Praefiscini!
1741 3379 2002 3429 Charisius
2038 3378 2220 3429 subdit
2254 3380 2411 3428 inter·

1355 3455 1736 3519 pretationem:
1771 3456 1788 3483 ‘
1807 3470 1873 3506 ne
1898 3456 2069 3520 puella
2093 3453 2413 3505 fascinatur.²

1357 3531 1633 3597 Proefisciai
1654 3547 1781 3607 ergo
1819 3533 2009 3598 aliquid
2029 3530 2140 3581 fieri
2183 3538 2272 3581 aut
2305 3530 2411 3580 dici

1355 3616 1486 3666 erat,
1512 3624 1628 3659 cum
1650 3609 1811 3672 facto,
1832 3618 1923 3660 aut
1943 3609 2086 3659 dicto
2108 3608 2294 3672 aliquo,
2308 3607 2410 3656 fas·
2475 3648 2483 3655 .

1355 3690 1473 3740 cino
1510 3689 1904 3740 occurrebatur.
1968 3686 2062 3736 Ait
2095 3685 2408 3736 declinatum

1353 3765 1407 3815 iu
1427 3780 1453 3814 e
1476 3766 1765 3829 producta:
1816 3765 1935 3830 quia
1959 3761 2211 3823 nonnulli,
2238 3771 2294 3812 ut
2316 3777 2410 3827 pu-

1354 3848 1430 3902 to,
1446 3839 1813 3890 existimabant
1843 3853 1958 3890 esse
1989 3838 2214 3889 vocativi
2241 3852 2409 3897 casus,

1353 3924 1413 3967 ut
1435 3931 1593 3981 supra
1614 3922 1629 3947 ⁴
1649 3912 1896 3967 Numere'
1918 3915 2113 3966 dictum
2136 3922 2220 3965 est
2241 3930 2273 3966 a
2299 3915 2408 3982 qui-

1352 3993 1566 4044 busdam
1599 3993 1790 4056 corripi
1827 3993 1879 4042 in
1904 3992 2085 4043 ultima
2114 3992 2331 4058 syllaba,
2355 3999 2412 4043 et

1352 4070 1570 4121 vocandi
1593 4085 1716 4121 casu
1730 4070 1945 4121 dictum.
2014 4069 2214 4120 Gellius
2236 4078 2303 4120 ex
2319 4082 2410 4121 ve-

1353 4149 1454 4200 teri
1483 4147 1668 4198 codice
1704 4146 1795 4196 lib.
1830 4161 1888 4199 x.
1925 4161 2042 4211 cap.
2078 4149 2160 4197 24.
2193 4147 2411 4219 loquens

1350 4227 1417 4278 de
1439 4223 1742 4291 Diequluti:
1777 4228 1792 4253 ⁸
1811 4225 2106 4274 Extremam
2152 4224 2297 4276 istius
2319 4239 2411 4276 vo-

1350 4303 1427 4355 cis
1463 4300 1715 4366 syllabam
1755 4305 1864 4351 tum
1902 4314 1996 4367 per
2016 4313 2067 4365 e,
2092 4306 2200 4351 tum
2242 4315 2337 4367 per
2371 4301 2411 4360 l.
