3020 4853
618 500 1569 609 'JOHANNIS
1667 492 2415 603 CLERICI
2521 488 2528 493 ’

931 755 1058 822 DE
1104 708 1579 822 ammom
1623 742 2202 815 DAcssmANA

1147 972 1198 1023 A
1228 972 1315 1024 SE
1346 967 1663 1022 AucTws
1693 963 1971 1018 RECUSA

868 1176 1590 1258 ADMONITIO
1651 1166 2245 1252 LECTORI.

479 1612 617 1706 Cu
633 1655 679 1703 Μ
721 1638 1191 1705 statuissemus
1226 1632 1542 1699 recudere
1575 1629 2029 1696 Parisiensem
2058 1626 2438 1693 Editionem
2464 1624 2672 1690 Pom-

480 1744 619 1828 peii
654 1743 867 1821 Festi,
895 1739 1130 1805 moniti
1160 1742 1397 1802 sumus
1414 1735 1479 1800 ei
1509 1734 1829 1800 nonnulla
1845 1732 2101 1809 deesse,
2125 1750 2276 1815 quae
2309 1730 2371 1795 si
2395 1729 2672 1814 supple-

478 1852 716 1924 rentur,
748 1845 1098 1910 Lectorum
1131 1840 1380 1905 'usibus
1420 1835 1990 1904 accommodatior
2016 1834 2244 1902 futura
2270 1835 2418 1899 haec
2446 1837 2678 1895 nostra

484 1947 715 2013 Editio
749 1947 1117 2012 videbatur.
1207 1943 1505 2008 Primum
1536 1941 1814 2006 deerant
1839 1944 2016 2005 notae
2046 1940 2310 2023 integrae
2338 1936 2465 2003 viri
2496 1953 2681 2000 sum-

484 2053 577 2116 mi
621 2052 667 2117 J
673 2070 774 2116 os.
826 2049 1175 2131 Scaligeri,
1231 2066 1402 2133 quas
1447 2051 1821 2111 contractas
1865 2043 2013 2109 suis
2051 2041 2509 2108 'admiscuerat
2552 2036 2680 2102 Vir

489 2153 920 2219 Clarissimus
950 2151 1125 2217 And.
1155 2151 1515 2229 DaceriuS,
1560 2145 2261 2234 plerumque'quidem
2294 2143 2529 2209 addito
2555 2159 2680 2205 no·

484 2257 670 2321 mine
719 2256 1066 2339 Scaligeri,
1126 2252 1245 2319 sed
1289 2257 1357 2318 et
1412 2251 1746 2317 interdurn
1809 2251 2088 2315 omisso.
2175 2249 2314 2313 Eas
2366 2247 2685 2328 integras,

487 2367 690 2454 atque
740 2359 1044 2443 subjecto
1096 2362 1481 2423 constanter
1531 2354 1893 2440 Scriptoris
1944 2354 2234 2432 nomine,
2279 2350 2390 2417 edi
2422 2349 2532 2415 bic
2572 2369 2689 2415 cu·

491 2466 815 2530 ravimus.
905 2461 1235 2540 Secundo,
1265 2460 1439 2527 idem
1464 2461 1897 2545 praestitimus
1924 2459 2204 2525 in'notis
2230 2455 2398 2521 Ant.
2418 2455 2687 2538 Augus-

491 2568 615 2631 tini
659 2573 726 2632 et
769 2567 996 2633 Fulvii
1040 2565 1296 2645 Ursini,
1340 2585 1515 2650 quas
1560 2565 1801 2630 deesse
1843 2564 2047 2629 etiam
2092 2561 2509 2638 videbamus,
2562 2557 2690 2623 nisi

494 2675 726 2735 earum
773 2669 989 2735 obiter
1042 2669 1449 2734 meminisset
1504 2669 1865 2734 Dacerius.
1953 2667 2254 2750 Scaliger
2306 2662 2578 2751 quidem
2609 2667 2693 2726 ’et

495 2773 919 2856 Augustinus
931 2772 1232 2838 'nondum
1251 2772 1557 2837 viderant
1576 2771 2047 2855 Fragmentum
2071 2768 2294 2849 Festi3
2327 2767 2449 2832 md
2472 2770 2694 2831 tamen

493 2875 880 2942 felicissime
902 2875 1177 2940 lacunas
1207 2875 1692 2959 exemplarium
1721 2876 1994 2940 suorum
2024 2870 2306 2938 subinde
2339 2869 2696 2955 suppleve-

497 3000 590 3061 re,
620 2980 999 3063 praesertim
1030 2977 1365 3061 Scaliger;
1411 2997 1454 3043 a
1482 2998 1616 3062 quo
1642 2977 1800 3043 ideo
1829 2978 2204 3062 inspectum
2233 2975 2696 3059 fragmentum,

499 3082 805 3167 quamvis
857 3080 1312 3159 dissimularit,
1363 3079 1546 3146 suere
1597 3083 1718 3166 qui
1766 3080 2182 3147 crediderint.
2272 3079 2586 3145 Attamen
2607 3101 2612 3104 ’
2631 3081 2700 3140 et

503 3184 832 3249 interdum
863 3182 951 3248 ab
976 3182 1127 3267 ejus
1157 3183 1444 3249 vocibus
1470 3183 1637 3262 abit,
1661 3184 1758 3249 ita
1786 3189 2016 3250 tamen¹
2035 3192 2110 3250 ut
2139 3184 2199 3249 si
2217 3179 2479 3250 aberret
2502 3179 2697 3245 do'cte

503 3285 775 3353 omniuo
832 3284 1299 3364 hallucinetur,
1338 3285 1427 3351 *et
1483 3287 1666 3353 lectu
1733 3287 1823 3353 sit
1876 3286 2332 3371 dignissimus.
2446 3284 2699 3369 Tertio,

510 3390 980 3471 Fragmentum
999 3393 1070 3452 et
1084 3387 1411 3469 Schedas,
1428 3409 1584 3456 cnm
1609 3391 1863 3457 notulis
1884 3390 2039 3456 Ful.
2060 3389 2317 3470 Ursini,
2348 3388 2701 3476 subjunxi·

508 3511 679 3571 mus,
707 3496 781 3556 ut
808 3509 852 3556 a
880 3490 1281 3556 [sectoribus
1318 3500 1607 3578 possent
1637 3513 1787 3559 cum
1817 3493 2278 3577 superioribus
2306 3492 2704 3578 comparari.

509 3593 810 3659 Tametsi
835 3593 1011 3658 enim
1041 3614 1133 3660 ex
1161 3596 1247 3660 iis
1266 3597 1614 3681 ‘suppletae
1646 3598 1785 3663 sint
1821 3595 2084 3662 lacuuae
2115 3593 2340 3674 Festi,
2387 3591 2707 3661 nonnulla

513 3698 877 3762 etiamnum
894 3701 1062 3763 sunt
1088 3716 1241 3781 quae
1262 3697 1335 3764 in
1356 3718 1438 3764 eo
1459 3718 1600 3764 non
1615 3705 2023 3783 comparent,
2043 3706 2114 3763 et
2141 3717 2294 3783 quae
2321 3698 2705 3764 intercidere

516 3798 920 3882 negligentia
946 3805 1179 3865 nostra
1216 3800 1410 3867 nefas
1448 3801 1782 3868 duximus.
1870 3799 2051 3868 Haec
2094 3802 2179 3868 de
2220 3802 2350 3868 hac
2396 3800 2705 3868 Editione

516 3900 850 3966 monenda
875 3900 1310 3983 habebamus,
1335 3903 1423 3969 ad
1450 3923 1605 3988 quae
1633 3904 1776 3970 hoc
1781 3923 1985 3969 unum
2003 3904 2323 3986 accedet,
2367 3903 2707 3969 innumera

519 4005 760 4070 menda
797 4002 1358 4090 Typothetarum,
1405 4026 1562 4091 quae
1602 4007 1670 4071 in
1719 4005 2094 4072 Editionem
2138 4007 2586 4076 Parisiensem
2623 4010 2710 4076 ir-

522 4113 889 4193 repserant,
914 4127 1000 4174 ex
1031 4109 1158 4176 hac
1188 4109 1399 4177 fuisse
1423 4109 1775 4195 diligenter
1803 4110 2094 4189 sublata.
2138 4108 2337 4177 Vale.
