<?xml version="1.0" encoding="UTF-8"?>
<!DOCTYPE html PUBLIC "-//W3C//DTD XHTML 1.0 Transitional//EN"
    "http://www.w3.org/TR/xhtml1/DTD/xhtml1-transitional.dtd">
<html xmlns="http://www.w3.org/1999/xhtml" xml:lang="en" lang="en">
 <head>
  <title>
</title>
<meta http-equiv="Content-Type" content="text/html;charset=utf-8" />
  <meta name='ocr-system' content='tesseract 3.04.00' />
  <meta name='ocr-capabilities' content='ocr_page ocr_carea ocr_par ocr_line ocrx_word'/>
</head>
<body>
  <div class='ocr_page' id='page_1' title='image "./mverriiflacciqu03flacgoog_0114.png"; bbox 0 0 3020 4853; ppageno 0'>
   <div class='ocr_carea' id='block_1_1' title="bbox 523 268 650 358">
    <p class='ocr_par' dir='ltr' id='par_1_1' title="bbox 523 268 650 358">
     <span class='ocr_line' id='line_1_1' title="bbox 523 268 650 358; baseline 0.016 -2"><span class='ocrx_word' id='word_1_1' title='bbox 523 268 650 358; x_wconf 77' lang='lat'>10&#39;8</span> 
     </span>
    </p>
   </div>
   <div class='ocr_carea' id='block_1_2' title="bbox 1209 312 2043 399">
    <p class='ocr_par' dir='ltr' id='par_1_2' title="bbox 1209 312 2043 399">
     <span class='ocr_line' id='line_1_2' title="bbox 1209 312 2043 399; baseline 0.005 -38"><span class='ocrx_word' id='word_1_2' title='bbox 1209 312 1433 399; x_wconf 48' lang='lat' dir='ltr'><strong>8831]st</strong></span> <span class='ocrx_word' id='word_1_3' title='bbox 1486 315 1630 362; x_wconf 72' lang='lat' dir='ltr'><strong>Post</strong></span> <span class='ocrx_word' id='word_1_4' title='bbox 1643 315 1679 363; x_wconf 79' lang='grc' dir='ltr'><strong><em>Ρ</em></strong></span> <span class='ocrx_word' id='word_1_5' title='bbox 1692 315 1791 362; x_wconf 75' lang='grc' dir='ltr'><strong>ΕΗ</strong></span> <span class='ocrx_word' id='word_1_6' title='bbox 1841 315 2043 365; x_wconf 72' lang='lat' dir='ltr'><strong>Fsssw</strong></span> 
     </span>
    </p>
   </div>
   <div class='ocr_carea' id='block_1_3' title="bbox 515 468 2690 1180">
    <p class='ocr_par' dir='ltr' id='par_1_3' title="bbox 515 468 2690 1180">
     <span class='ocr_line' id='line_1_3' title="bbox 607 468 2689 557; baseline 0.005 -25"><span class='ocrx_word' id='word_1_7' title='bbox 607 473 763 532; x_wconf 87' lang='lat' dir='ltr'><strong>cunt</strong></span> <span class='ocrx_word' id='word_1_8' title='bbox 797 468 1067 551; x_wconf 87' lang='lat' dir='ltr'><strong>antiqua</strong></span> <span class='ocrx_word' id='word_1_9' title='bbox 1093 468 1591 547; x_wconf 87' lang='lat' dir='ltr'><strong>consuetudine,</strong></span> <span class='ocrx_word' id='word_1_10' title='bbox 1623 488 1754 554; x_wconf 88' lang='lat' dir='ltr'><strong>qua</strong></span> <span class='ocrx_word' id='word_1_11' title='bbox 1780 468 1975 557; x_wconf 72' lang='grc' dir='ltr'><strong><em>πῦῤῥον</em></strong></span> <span class='ocrx_word' id='word_1_12' title='bbox 2003 472 2293 553; x_wconf 87' lang='lat' dir='ltr'><strong>burrum,</strong></span> <span class='ocrx_word' id='word_1_13' title='bbox 2320 472 2487 553; x_wconf 71' lang='grc' dir='ltr'><strong><em>τόξον</em></strong></span> <span class='ocrx_word' id='word_1_14' title='bbox 2516 478 2689 543; x_wconf 82' lang='lat' dir='ltr'><strong>bux-</strong></span> 
     </span>
     <span class='ocr_line' id='line_1_4' title="bbox 603 571 2690 662; baseline 0.005 -27"><span class='ocrx_word' id='word_1_15' title='bbox 603 592 712 635; x_wconf 89' lang='lat' dir='ltr'><strong>um</strong></span> <span class='ocrx_word' id='word_1_16' title='bbox 747 571 1075 638; x_wconf 90' lang='lat' dir='ltr'><strong>dicebant.</strong></span> <span class='ocrx_word' id='word_1_17' title='bbox 1163 573 1502 638; x_wconf 83' lang='lat' dir='ltr'><strong>Baloenam</strong></span> <span class='ocrx_word' id='word_1_18' title='bbox 1530 574 1816 640; x_wconf 89' lang='lat' dir='ltr'><strong>belluam</strong></span> <span class='ocrx_word' id='word_1_19' title='bbox 1848 576 2187 657; x_wconf 86' lang='lat' dir='ltr'><strong>marinam,</strong></span> <span class='ocrx_word' id='word_1_20' title='bbox 2213 578 2434 662; x_wconf 88' lang='lat' dir='ltr'><strong>ipsam</strong></span> <span class='ocrx_word' id='word_1_21' title='bbox 2466 580 2690 647; x_wconf 87' lang='lat' dir='ltr'><strong>dicunt</strong></span> 
     </span>
     <span class='ocr_line' id='line_1_5' title="bbox 603 676 1845 762; baseline 0.001 -22"><span class='ocrx_word' id='word_1_22' title='bbox 603 694 752 740; x_wconf 91' lang='lat' dir='ltr'><strong>esse</strong></span> <span class='ocrx_word' id='word_1_23' title='bbox 776 676 1138 759; x_wconf 83' lang='lat' dir='ltr'><strong>pistricem,</strong></span> <span class='ocrx_word' id='word_1_24' title='bbox 1170 676 1387 762; x_wconf 84' lang='lat' dir='ltr'><strong>ipsam</strong></span> <span class='ocrx_word' id='word_1_25' title='bbox 1418 697 1571 742; x_wconf 88' lang='lat' dir='ltr'><strong>esse</strong></span> <span class='ocrx_word' id='word_1_26' title='bbox 1602 684 1845 744; x_wconf 89' lang='lat' dir='ltr'><strong>cetum.</strong></span> 
     </span>
     <span class='ocr_line' id='line_1_6' title="bbox 517 776 2685 872; baseline 0.005 -30"><span class='ocrx_word' id='word_1_27' title='bbox 517 776 957 853; x_wconf 73' lang='lat' dir='ltr'><strong>Balatrones‚‘</strong></span> <span class='ocrx_word' id='word_1_28' title='bbox 977 786 1044 845; x_wconf 87' lang='lat' dir='ltr'><strong>et</strong></span> <span class='ocrx_word' id='word_1_29' title='bbox 1073 781 1328 846; x_wconf 88' lang='lat' dir='ltr'><strong>blateas</strong></span> <span class='ocrx_word' id='word_1_30' title='bbox 1365 782 1580 846; x_wconf 84' lang='lat' dir='ltr'><strong>bullas</strong></span> <span class='ocrx_word' id='word_1_31' title='bbox 1615 781 1738 847; x_wconf 89' lang='lat' dir='ltr'><strong>luti</strong></span> <span class='ocrx_word' id='word_1_32' title='bbox 1776 802 1863 847; x_wconf 86' lang='lat' dir='ltr'><strong>ex</strong></span> <span class='ocrx_word' id='word_1_33' title='bbox 1900 783 2288 851; x_wconf 74' lang='lat' dir='ltr'><strong>itineribus:</strong></span> <span class='ocrx_word' id='word_1_34' title='bbox 2350 793 2468 852; x_wconf 90' lang='lat' dir='ltr'><strong>aut</strong></span> <span class='ocrx_word' id='word_1_35' title='bbox 2505 787 2685 872; x_wconf 90' lang='lat' dir='ltr'><strong>quod</strong></span> 
     </span>
     <span class='ocr_line' id='line_1_7' title="bbox 600 883 2350 972; baseline 0.003 -25"><span class='ocrx_word' id='word_1_36' title='bbox 600 883 684 947; x_wconf 87' lang='lat' dir='ltr'><strong>de</strong></span> <span class='ocrx_word' id='word_1_37' title='bbox 717 884 1298 950; x_wconf 79' lang='lat' dir='ltr'><strong>calciamentorum</strong></span> <span class='ocrx_word' id='word_1_38' title='bbox 1328 885 1536 951; x_wconf 88' lang='lat' dir='ltr'><strong>soleis</strong></span> <span class='ocrx_word' id='word_1_39' title='bbox 1564 887 1875 966; x_wconf 84' lang='lat' dir='ltr'><strong>eraditur,</strong></span> <span class='ocrx_word' id='word_1_40' title='bbox 1904 889 2350 972; x_wconf 79' lang='lat' dir='ltr'><strong>appellabant.</strong></span> 
     </span>
     <span class='ocr_line' id='line_1_8' title="bbox 515 985 2684 1076; baseline 0.003 -28"><span class='ocrx_word' id='word_1_41' title='bbox 515 985 905 1052; x_wconf 88' lang='lat' dir='ltr'><strong>Barathrum</strong></span> <span class='ocrx_word' id='word_1_42' title='bbox 925 996 952 1034; x_wconf 80' lang='lat'><strong>⁸</strong></span> <span class='ocrx_word' id='word_1_43' title='bbox 981 986 1209 1053; x_wconf 82' lang='lat' dir='ltr'><strong>Graeci</strong></span> <span class='ocrx_word' id='word_1_44' title='bbox 1239 989 1578 1073; x_wconf 87' lang='lat' dir='ltr'><strong>appellant</strong></span> <span class='ocrx_word' id='word_1_45' title='bbox 1596 990 1811 1056; x_wconf 87' lang='lat' dir='ltr'><strong>locum</strong></span> <span class='ocrx_word' id='word_1_46' title='bbox 1830 993 2268 1076; x_wconf 76' lang='lat' dir='ltr'><strong>praecipitem,</strong></span> <span class='ocrx_word' id='word_1_47' title='bbox 2286 992 2456 1057; x_wconf 88' lang='lat' dir='ltr'><strong>unde</strong></span> <span class='ocrx_word' id='word_1_48' title='bbox 2475 1009 2684 1056; x_wconf 90' lang='lat' dir='ltr'><strong>emer-</strong></span> 
     </span>
     <span class='ocr_line' id='line_1_9' title="bbox 584 1092 2256 1180; baseline 0.001 -24"><span class='ocrx_word' id='word_1_49' title='bbox 584 1092 664 1174; x_wconf 85' lang='lat' dir='ltr'><strong>gi</strong></span> <span class='ocrx_word' id='word_1_50' title='bbox 693 1111 827 1156; x_wconf 93' lang='lat' dir='ltr'><strong>non</strong></span> <span class='ocrx_word' id='word_1_51' title='bbox 854 1092 1108 1176; x_wconf 84' lang='lat' dir='ltr'><strong>possit:</strong></span> <span class='ocrx_word' id='word_1_52' title='bbox 1153 1092 1408 1159; x_wconf 84' lang='lat' dir='ltr'><strong>dictum</strong></span> <span class='ocrx_word' id='word_1_53' title='bbox 1444 1096 1530 1160; x_wconf 91' lang='lat' dir='ltr'><strong>ab</strong></span> <span class='ocrx_word' id='word_1_54' title='bbox 1562 1115 1664 1173; x_wconf 87' lang='lat' dir='ltr'><strong>eo,</strong></span> <span class='ocrx_word' id='word_1_55' title='bbox 1694 1095 1870 1180; x_wconf 90' lang='lat' dir='ltr'><strong>quod</strong></span> <span class='ocrx_word' id='word_1_56' title='bbox 1906 1105 2013 1161; x_wconf 88' lang='lat' dir='ltr'><strong>est</strong></span> <span class='ocrx_word' id='word_1_57' title='bbox 2038 1093 2256 1176; x_wconf 55' lang='grc' dir='ltr'><strong>βριθύς.3</strong></span> 
     </span>
    </p>
   </div>
   <div class='ocr_carea' id='block_1_4' title="bbox 1420 1259 1774 1281">
    <p class='ocr_par' dir='ltr' id='par_1_4' title="bbox 1420 1259 1774 1281">
     <span class='ocr_line' id='line_1_10' title="bbox 1420 1259 1774 1281; baseline 0.006 -2"><span class='ocrx_word' id='word_1_58' title='bbox 1420 1259 1567 1281; x_wconf 68' lang='lat'><em>00000</em></span> <span class='ocrx_word' id='word_1_59' title='bbox 1572 1262 1774 1281; x_wconf 56' lang='lat' dir='ltr'><strong>‘oceno</strong></span> 
     </span>
    </p>
   </div>
   <div class='ocr_carea' id='block_1_5' title="bbox 574 1360 1922 1429">
    <p class='ocr_par' dir='ltr' id='par_1_5' title="bbox 574 1360 1922 1429">
     <span class='ocr_line' id='line_1_11' title="bbox 574 1360 1922 1429; baseline 0.003 -20"><span class='ocrx_word' id='word_1_60' title='bbox 574 1366 603 1409; x_wconf 80' lang='grc'>3</span> <span class='ocrx_word' id='word_1_61' title='bbox 633 1362 648 1389; x_wconf 86' lang='lat'>‘</span> <span class='ocrx_word' id='word_1_62' title='bbox 668 1360 901 1414; x_wconf 86' lang='lat' dir='ltr'><strong>Fortasse</strong></span> <span class='ocrx_word' id='word_1_63' title='bbox 923 1361 1127 1429; x_wconf 73' lang='lat' dir='ltr'><strong>scripsit</strong></span> <span class='ocrx_word' id='word_1_64' title='bbox 1146 1362 1309 1429; x_wconf 74' lang='grc' dir='ltr'>βαρὺς,</span> <span class='ocrx_word' id='word_1_65' title='bbox 1332 1378 1431 1417; x_wconf 90' lang='lat' dir='ltr'><strong>non</strong></span> <span class='ocrx_word' id='word_1_66' title='bbox 1452 1365 1631 1422; x_wconf 62' lang='lat' dir='ltr'><strong>adds:</strong></span> <span class='ocrx_word' id='word_1_67' title='bbox 1667 1365 1773 1416; x_wconf 58' lang='grc' dir='ltr'><strong>ἀοι.</strong></span> <span class='ocrx_word' id='word_1_68' title='bbox 1793 1364 1922 1416; x_wconf 79' lang='lat' dir='ltr'><strong>Seul.</strong></span> 
     </span>
    </p>
   </div>
   <div class='ocr_carea' id='block_1_6' title="bbox 506 1514 2681 1679">
    <p class='ocr_par' dir='ltr' id='par_1_6' title="bbox 506 1514 2681 1679">
     <span class='ocr_line' id='line_1_12' title="bbox 1486 1514 1699 1567; baseline -0.009 -1"><span class='ocrx_word' id='word_1_69' title='bbox 1486 1514 1699 1567; x_wconf 70' lang='lat' dir='ltr'>NOTAE</span> 
     </span>
     <span class='ocr_line' id='line_1_13' title="bbox 506 1610 2681 1679; baseline 0.006 -20"><span class='ocrx_word' id='word_1_70' title='bbox 506 1611 777 1676; x_wconf 79' lang='lat' dir='ltr'><strong>legendum</strong></span> <span class='ocrx_word' id='word_1_71' title='bbox 807 1613 1130 1678; x_wconf 76' lang='lat' dir='ltr'><strong>suspicarer3</strong></span> <span class='ocrx_word' id='word_1_72' title='bbox 1164 1615 1430 1677; x_wconf 68' lang='lat' dir='ltr'><strong>Belenum,</strong></span> <span class='ocrx_word' id='word_1_73' title='bbox 1457 1614 1554 1666; x_wconf 74' lang='lat' dir='ltr'><strong>bet-</strong></span> <span class='ocrx_word' id='word_1_74' title='bbox 1626 1610 2681 1679; x_wconf 55' lang='lat' dir='ltr'><strong>Wfflffli&#39;e-,Bnkdss&#39;mffldflpmffl-</strong></span> 
     </span>
    </p>
   </div>
   <div class='ocr_carea' id='block_1_7' title="bbox 462 1690 1552 4316">
    <p class='ocr_par' dir='ltr' id='par_1_7' title="bbox 480 1690 1552 3072">
     <span class='ocr_line' id='line_1_14' title="bbox 503 1690 1552 1757; baseline 0.006 -20"><span class='ocrx_word' id='word_1_75' title='bbox 503 1691 628 1738; x_wconf 72' lang='lat' dir='ltr'><strong>luam</strong></span> <span class='ocrx_word' id='word_1_76' title='bbox 648 1690 1057 1756; x_wconf 53' lang='lat' dir='ltr'><strong>murinumipsam</strong></span> <span class='ocrx_word' id='word_1_77' title='bbox 1075 1692 1237 1742; x_wconf 75' lang='lat' dir='ltr'><strong>dicant</strong></span> <span class='ocrx_word' id='word_1_78' title='bbox 1251 1708 1368 1757; x_wconf 82' lang='lat' dir='ltr'><strong>esse,</strong></span> <span class='ocrx_word' id='word_1_79' title='bbox 1390 1694 1441 1743; x_wconf 81' lang='lat' dir='ltr'><strong>id</strong></span> <span class='ocrx_word' id='word_1_80' title='bbox 1461 1698 1552 1749; x_wconf 78' lang='lat' dir='ltr'><strong>est,</strong></span> 
     </span>
     <span class='ocr_line' id='line_1_15' title="bbox 507 1767 1550 1834; baseline 0.005 -19"><span class='ocrx_word' id='word_1_81' title='bbox 507 1768 692 1817; x_wconf 65' lang='lat' dir='ltr'><strong>Cetium.</strong></span> <span class='ocrx_word' id='word_1_82' title='bbox 755 1767 887 1818; x_wconf 87' lang='lat' dir='ltr'><strong>Sane</strong></span> <span class='ocrx_word' id='word_1_83' title='bbox 928 1768 1187 1819; x_wconf 68' lang='lat' dir='ltr'><strong>Pistricem</strong></span> <span class='ocrx_word' id='word_1_84' title='bbox 1231 1769 1550 1834; x_wconf 66' lang='lat' dir='ltr'><strong>ineptissime</strong></span> 
     </span>
     <span class='ocr_line' id='line_1_16' title="bbox 501 1842 1550 1910; baseline 0.006 -19"><span class='ocrx_word' id='word_1_85' title='bbox 501 1842 584 1892; x_wconf 85' lang='lat' dir='ltr'><strong>bic</strong></span> <span class='ocrx_word' id='word_1_86' title='bbox 619 1843 805 1908; x_wconf 77' lang='lat' dir='ltr'><strong>legitur</strong></span> <span class='ocrx_word' id='word_1_87' title='bbox 841 1859 935 1909; x_wconf 90' lang='lat' dir='ltr'><strong>pro</strong></span> <span class='ocrx_word' id='word_1_88' title='bbox 972 1845 1198 1896; x_wconf 62' lang='lat' dir='ltr'><strong>Pristim.</strong></span> <span class='ocrx_word' id='word_1_89' title='bbox 1262 1845 1550 1910; x_wconf 74' lang='lat' dir='ltr'><strong>Quadriga-</strong></span> 
     </span>
     <span class='ocr_line' id='line_1_17' title="bbox 504 1919 1546 1988; baseline 0.006 -22"><span class='ocrx_word' id='word_1_90' title='bbox 504 1919 607 1969; x_wconf 88' lang='lat' dir='ltr'><strong>rius</strong></span> <span class='ocrx_word' id='word_1_91' title='bbox 629 1936 640 1965; x_wconf 76' lang='grc' dir='ltr'><strong><em>ε</em></strong></span> <span class='ocrx_word' id='word_1_92' title='bbox 685 1923 700 1949; x_wconf 82' lang='lat'>‘</span> <span class='ocrx_word' id='word_1_93' title='bbox 726 1920 965 1986; x_wconf 82' lang='lat' dir='ltr'><strong>Quinque</strong></span> <span class='ocrx_word' id='word_1_94' title='bbox 1007 1922 1235 1973; x_wconf 84' lang='lat' dir='ltr'><strong>Pristes=</strong></span> <span class='ocrx_word' id='word_1_95' title='bbox 1288 1922 1546 1988; x_wconf 83' lang='lat' dir='ltr'><strong>navigium</strong></span> 
     </span>
     <span class='ocr_line' id='line_1_18' title="bbox 500 1996 1547 2050; baseline 0.005 -5"><span class='ocrx_word' id='word_1_96' title='bbox 500 2010 563 2045; x_wconf 89' lang='lat' dir='ltr'><strong>ea</strong></span> <span class='ocrx_word' id='word_1_97' title='bbox 592 1996 756 2047; x_wconf 84' lang='lat' dir='ltr'><strong>forma</strong></span> <span class='ocrx_word' id='word_1_98' title='bbox 778 2013 807 2047; x_wconf 90' lang='lat' dir='ltr'><strong>a</strong></span> <span class='ocrx_word' id='word_1_99' title='bbox 827 1999 1019 2049; x_wconf 83' lang='lat' dir='ltr'><strong>marina</strong></span> <span class='ocrx_word' id='word_1_100' title='bbox 1037 1999 1204 2049; x_wconf 90' lang='lat' dir='ltr'><strong>bellua</strong></span> <span class='ocrx_word' id='word_1_101' title='bbox 1221 1998 1417 2050; x_wconf 90' lang='lat' dir='ltr'><strong>dictum</strong></span> <span class='ocrx_word' id='word_1_102' title='bbox 1432 1999 1547 2050; x_wconf 88' lang='lat' dir='ltr'><strong>est.’</strong></span> 
     </span>
     <span class='ocr_line' id='line_1_19' title="bbox 499 2073 1546 2142; baseline 0.006 -21"><span class='ocrx_word' id='word_1_103' title='bbox 499 2073 770 2139; x_wconf 77' lang='lat' dir='ltr'><strong>Virgilius:</strong></span> <span class='ocrx_word' id='word_1_104' title='bbox 807 2075 823 2102; x_wconf 87' lang='lat'>‘</span> <span class='ocrx_word' id='word_1_105' title='bbox 846 2076 1007 2126; x_wconf 82' lang='lat' dir='ltr'><strong>Frons</strong></span> <span class='ocrx_word' id='word_1_106' title='bbox 1036 2076 1288 2127; x_wconf 85' lang='lat' dir='ltr'><strong>bominem</strong></span> <span class='ocrx_word' id='word_1_107' title='bbox 1314 2075 1546 2142; x_wconf 66' lang='lat' dir='ltr'><strong>prefert,</strong></span> 
     </span>
     <span class='ocr_line' id='line_1_20' title="bbox 498 2151 1546 2217; baseline 0.004 -17"><span class='ocrx_word' id='word_1_108' title='bbox 498 2151 550 2200; x_wconf 88' lang='lat' dir='ltr'><strong>in</strong></span> <span class='ocrx_word' id='word_1_109' title='bbox 591 2152 790 2217; x_wconf 88' lang='lat' dir='ltr'><strong>pristim</strong></span> <span class='ocrx_word' id='word_1_110' title='bbox 829 2153 1022 2205; x_wconf 86' lang='lat' dir='ltr'><strong>desinit</strong></span> <span class='ocrx_word' id='word_1_111' title='bbox 1053 2154 1232 2205; x_wconf 61' lang='lat' dir='ltr'><strong>alvus!</strong></span> <span class='ocrx_word' id='word_1_112' title='bbox 1298 2155 1546 2206; x_wconf 84' lang='lat' dir='ltr'><strong>Masculi·</strong></span> 
     </span>
     <span class='ocr_line' id='line_1_21' title="bbox 499 2231 1545 2297; baseline 0.004 -18"><span class='ocrx_word' id='word_1_113' title='bbox 499 2243 619 2279; x_wconf 88' lang='lat' dir='ltr'><strong>num</strong></span> <span class='ocrx_word' id='word_1_114' title='bbox 640 2239 717 2281; x_wconf 87' lang='lat' dir='ltr'><strong>est</strong></span> <span class='ocrx_word' id='word_1_115' title='bbox 737 2231 953 2297; x_wconf 70' lang='grc' dir='ltr'><strong>πρίω-ης.</strong></span> <span class='ocrx_word' id='word_1_116' title='bbox 1017 2232 1121 2283; x_wconf 85' lang='lat' dir='ltr'><strong>Sed</strong></span> <span class='ocrx_word' id='word_1_117' title='bbox 1147 2232 1360 2283; x_wconf 84' lang='lat' dir='ltr'><strong>Romani</strong></span> <span class='ocrx_word' id='word_1_118' title='bbox 1383 2239 1437 2282; x_wconf 87' lang='lat' dir='ltr'><strong>et</strong></span> <span class='ocrx_word' id='word_1_119' title='bbox 1455 2232 1545 2283; x_wconf 89' lang='lat' dir='ltr'><strong>de·</strong></span> 
     </span>
     <span class='ocr_line' id='line_1_22' title="bbox 494 2307 1542 2376; baseline 0.003 -18"><span class='ocrx_word' id='word_1_120' title='bbox 494 2307 825 2363; x_wconf 77' lang='lat' dir='ltr'><strong>clinatiouem</strong></span> <span class='ocrx_word' id='word_1_121' title='bbox 859 2317 914 2361; x_wconf 89' lang='lat' dir='ltr'><strong>et</strong></span> <span class='ocrx_word' id='word_1_122' title='bbox 936 2324 1098 2376; x_wconf 77' lang='lat' dir='ltr'><strong>genus</strong></span> <span class='ocrx_word' id='word_1_123' title='bbox 1121 2316 1404 2362; x_wconf 75' lang='lat' dir='ltr'><strong>mutarunt.</strong></span> <span class='ocrx_word' id='word_1_124' title='bbox 1432 2311 1542 2361; x_wconf 84' lang='lat' dir='ltr'><strong>Jos.</strong></span> 
     </span>
     <span class='ocr_line' id='line_1_23' title="bbox 558 2466 1541 2531; baseline -0.002 -14"><span class='ocrx_word' id='word_1_125' title='bbox 558 2466 796 2530; x_wconf 79' lang='lat' dir='ltr'><strong>Bulaenoe]</strong></span> <span class='ocrx_word' id='word_1_126' title='bbox 827 2468 890 2518; x_wconf 89' lang='lat' dir='ltr'><strong>lu</strong></span> <span class='ocrx_word' id='word_1_127' title='bbox 934 2467 1037 2519; x_wconf 81' lang='lat' dir='ltr'><strong>fine</strong></span> <span class='ocrx_word' id='word_1_128' title='bbox 1079 2473 1352 2531; x_wconf 81' lang='lat' dir='ltr'><strong>corruptus</strong></span> <span class='ocrx_word' id='word_1_129' title='bbox 1385 2466 1541 2517; x_wconf 85' lang='lat' dir='ltr'><strong>loeus.</strong></span> 
     </span>
     <span class='ocr_line' id='line_1_24' title="bbox 491 2542 1541 2610; baseline 0.003 -19"><span class='ocrx_word' id='word_1_130' title='bbox 491 2542 788 2606; x_wconf 74' lang='lat' dir='ltr'><strong>Legendum</strong></span> <span class='ocrx_word' id='word_1_131' title='bbox 818 2546 1124 2610; x_wconf 81' lang='lat' dir='ltr'><strong>suspicarer,</strong></span> <span class='ocrx_word' id='word_1_132' title='bbox 1166 2545 1410 2606; x_wconf 57' lang='lat' dir='ltr'><strong>balenum</strong></span> <span class='ocrx_word' id='word_1_133' title='bbox 1448 2545 1541 2594; x_wconf 80' lang='lat' dir='ltr'><strong>bel·</strong></span> 
     </span>
     <span class='ocr_line' id='line_1_25' title="bbox 488 2621 1541 2687; baseline 0.006 -20"><span class='ocrx_word' id='word_1_134' title='bbox 488 2621 615 2668; x_wconf 72' lang='lat' dir='ltr'><strong>lanus</strong></span> <span class='ocrx_word' id='word_1_135' title='bbox 635 2621 882 2676; x_wconf 68' lang='lat' dir='ltr'><strong>marim,</strong></span> <span class='ocrx_word' id='word_1_136' title='bbox 896 2623 1046 2686; x_wconf 71' lang='lat' dir='ltr'><strong>ipsun</strong></span> <span class='ocrx_word' id='word_1_137' title='bbox 1062 2623 1225 2672; x_wconf 72' lang='lat' dir='ltr'><strong>diense</strong></span> <span class='ocrx_word' id='word_1_138' title='bbox 1247 2636 1366 2687; x_wconf 82' lang='lat' dir='ltr'><strong>esse,</strong></span> <span class='ocrx_word' id='word_1_139' title='bbox 1380 2621 1432 2670; x_wconf 76' lang='lat' dir='ltr'><strong>id</strong></span> <span class='ocrx_word' id='word_1_140' title='bbox 1451 2628 1541 2679; x_wconf 70' lang='lat' dir='ltr'><strong>m.</strong></span> 
     </span>
     <span class='ocr_line' id='line_1_26' title="bbox 486 2698 1541 2762; baseline 0.007 -19"><span class='ocrx_word' id='word_1_141' title='bbox 486 2701 657 2746; x_wconf 66' lang='lat' dir='ltr'><strong>edum.</strong></span> <span class='ocrx_word' id='word_1_142' title='bbox 705 2698 840 2747; x_wconf 82' lang='lat' dir='ltr'><strong>Sane</strong></span> <span class='ocrx_word' id='word_1_143' title='bbox 858 2699 1104 2762; x_wconf 76' lang='lat' dir='ltr'><strong>pistricem</strong></span> <span class='ocrx_word' id='word_1_144' title='bbox 1124 2699 1438 2761; x_wconf 67' lang='lat' dir='ltr'><strong>ineptissime</strong></span> <span class='ocrx_word' id='word_1_145' title='bbox 1459 2700 1541 2750; x_wconf 78' lang='lat' dir='ltr'><strong>liic</strong></span> 
     </span>
     <span class='ocr_line' id='line_1_27' title="bbox 488 2773 1541 2841; baseline 0.005 -20"><span class='ocrx_word' id='word_1_146' title='bbox 488 2773 679 2837; x_wconf 74' lang='lat' dir='ltr'><strong>legitur</strong></span> <span class='ocrx_word' id='word_1_147' title='bbox 731 2790 825 2840; x_wconf 89' lang='lat' dir='ltr'><strong>pro</strong></span> <span class='ocrx_word' id='word_1_148' title='bbox 886 2778 1096 2839; x_wconf 74' lang='lat' dir='ltr'><strong>pristim.</strong></span> <span class='ocrx_word' id='word_1_149' title='bbox 1137 2776 1248 2828; x_wconf 77' lang='lat' dir='ltr'><strong>Jos.</strong></span> <span class='ocrx_word' id='word_1_150' title='bbox 1290 2776 1541 2841; x_wconf 76' lang='lat' dir='ltr'><strong>Scaliger.</strong></span> 
     </span>
     <span class='ocr_line' id='line_1_28' title="bbox 488 2852 1540 2916; baseline 0.006 -17"><span class='ocrx_word' id='word_1_151' title='bbox 488 2852 642 2902; x_wconf 83' lang='lat' dir='ltr'><strong>Errat</strong></span> <span class='ocrx_word' id='word_1_152' title='bbox 673 2852 749 2903; x_wconf 76' lang='lat' dir='ltr'><strong>vir</strong></span> <span class='ocrx_word' id='word_1_153' title='bbox 785 2852 1130 2916; x_wconf 78' lang='lat' dir='ltr'><strong>doctissimus,</strong></span> <span class='ocrx_word' id='word_1_154' title='bbox 1168 2868 1235 2905; x_wconf 85' lang='lat' dir='ltr'><strong>ex</strong></span> <span class='ocrx_word' id='word_1_155' title='bbox 1274 2854 1540 2905; x_wconf 78' lang='lat' dir='ltr'><strong>veteribus</strong></span> 
     </span>
     <span class='ocr_line' id='line_1_29' title="bbox 484 2930 1539 2996; baseline 0.006 -18"><span class='ocrx_word' id='word_1_156' title='bbox 484 2930 621 2979; x_wconf 82' lang='lat' dir='ltr'><strong>enirn</strong></span> <span class='ocrx_word' id='word_1_157' title='bbox 644 2939 851 2983; x_wconf 86' lang='lat' dir='ltr'><strong>constat</strong></span> <span class='ocrx_word' id='word_1_158' title='bbox 867 2931 968 2983; x_wconf 88' lang='lat' dir='ltr'><strong>dici</strong></span> <span class='ocrx_word' id='word_1_159' title='bbox 986 2933 1248 2996; x_wconf 68' lang='lat' dir='ltr'><strong>pisti-icen,</strong></span> <span class='ocrx_word' id='word_1_160' title='bbox 1263 2931 1468 2996; x_wconf 72' lang='lat' dir='ltr'><strong>pisti-im,</strong></span> <span class='ocrx_word' id='word_1_161' title='bbox 1483 2940 1539 2984; x_wconf 88' lang='lat' dir='ltr'><strong>et</strong></span> 
     </span>
     <span class='ocr_line' id='line_1_30' title="bbox 480 3009 841 3072; baseline 0.017 -17"><span class='ocrx_word' id='word_1_162' title='bbox 480 3009 685 3072; x_wconf 76' lang='lat' dir='ltr'><strong>pristim.</strong></span> <span class='ocrx_word' id='word_1_163' title='bbox 707 3010 841 3061; x_wconf 84' lang='lat' dir='ltr'><strong>Dae.</strong></span> 
     </span>
    </p>

    <p class='ocr_par' dir='ltr' id='par_1_8' title="bbox 462 3082 1538 4316">
     <span class='ocr_line' id='line_1_31' title="bbox 548 3082 1536 3152; baseline 0.005 -17"><span class='ocrx_word' id='word_1_164' title='bbox 548 3082 567 3117; x_wconf 69' lang='lat' dir='ltr'><strong>f</strong></span> <span class='ocrx_word' id='word_1_165' title='bbox 587 3086 892 3152; x_wconf 64' lang='lat' dir='ltr'><strong>Boleti-ones]</strong></span> <span class='ocrx_word' id='word_1_166' title='bbox 914 3086 956 3137; x_wconf 84' lang='grc' dir='ltr'>Α</span> <span class='ocrx_word' id='word_1_167' title='bbox 971 3086 1142 3152; x_wconf 88' lang='lat' dir='ltr'><strong>bullis,</strong></span> <span class='ocrx_word' id='word_1_168' title='bbox 1152 3088 1259 3139; x_wconf 78' lang='lat' dir='ltr'><strong>sive</strong></span> <span class='ocrx_word' id='word_1_169' title='bbox 1272 3087 1536 3151; x_wconf 86' lang='lat' dir='ltr'><strong>ballis,ba-</strong></span> 
     </span>
     <span class='ocr_line' id='line_1_32' title="bbox 482 3162 1538 3231; baseline 0.006 -21"><span class='ocrx_word' id='word_1_170' title='bbox 482 3163 728 3213; x_wconf 84' lang='lat' dir='ltr'><strong>latrones.</strong></span> <span class='ocrx_word' id='word_1_171' title='bbox 774 3165 872 3215; x_wconf 86' lang='lat' dir='ltr'><strong>Vel</strong></span> <span class='ocrx_word' id='word_1_172' title='bbox 896 3178 926 3214; x_wconf 97' lang='lat' dir='ltr'><strong>a</strong></span> <span class='ocrx_word' id='word_1_173' title='bbox 946 3162 1167 3229; x_wconf 67' lang='grc' dir='ltr'><strong>βάλλω,</strong></span> <span class='ocrx_word' id='word_1_174' title='bbox 1183 3165 1379 3231; x_wconf 81' lang='lat' dir='ltr'><strong>jacere,</strong></span> <span class='ocrx_word' id='word_1_175' title='bbox 1398 3180 1538 3231; x_wconf 72' lang='lat' dir='ltr'><strong>qute-</strong></span> 
     </span>
     <span class='ocr_line' id='line_1_33' title="bbox 480 3240 1536 3308; baseline 0.007 -20"><span class='ocrx_word' id='word_1_176' title='bbox 480 3254 697 3306; x_wconf 85' lang='lat' dir='ltr'><strong>cumque</strong></span> <span class='ocrx_word' id='word_1_177' title='bbox 731 3240 798 3292; x_wconf 89' lang='lat' dir='ltr'><strong>de</strong></span> <span class='ocrx_word' id='word_1_178' title='bbox 836 3241 989 3293; x_wconf 80' lang='lat' dir='ltr'><strong>coriis</strong></span> <span class='ocrx_word' id='word_1_179' title='bbox 1025 3250 1331 3294; x_wconf 83' lang='lat' dir='ltr'><strong>resecantur</strong></span> <span class='ocrx_word' id='word_1_180' title='bbox 1365 3251 1421 3295; x_wconf 86' lang='lat' dir='ltr'><strong>et</strong></span> <span class='ocrx_word' id='word_1_181' title='bbox 1453 3245 1536 3308; x_wconf 92' lang='lat' dir='ltr'><strong>ja·</strong></span> 
     </span>
     <span class='ocr_line' id='line_1_34' title="bbox 479 3315 1533 3372; baseline 0.008 -8"><span class='ocrx_word' id='word_1_182' title='bbox 479 3315 703 3366; x_wconf 87' lang='lat' dir='ltr'><strong>ciuntur.</strong></span> <span class='ocrx_word' id='word_1_183' title='bbox 780 3318 931 3369; x_wconf 86' lang='lat' dir='ltr'><strong>Unde</strong></span> <span class='ocrx_word' id='word_1_184' title='bbox 972 3319 1261 3370; x_wconf 78' lang='lat' dir='ltr'><strong>balatrones</strong></span> <span class='ocrx_word' id='word_1_185' title='bbox 1304 3321 1533 3372; x_wconf 85' lang='lat' dir='ltr'><strong>homines</strong></span> 
     </span>
     <span class='ocr_line' id='line_1_35' title="bbox 478 3393 1533 3463; baseline 0.008 -22"><span class='ocrx_word' id='word_1_186' title='bbox 478 3393 640 3456; x_wconf 83' lang='lat' dir='ltr'><strong>nihili,</strong></span> <span class='ocrx_word' id='word_1_187' title='bbox 681 3398 782 3446; x_wconf 73' lang='lat' dir='ltr'><strong>dre.</strong></span> <span class='ocrx_word' id='word_1_188' title='bbox 850 3397 1154 3463; x_wconf 76' lang='lat' dir='ltr'><strong>Quanquam</strong></span> <span class='ocrx_word' id='word_1_189' title='bbox 1209 3398 1533 3449; x_wconf 83' lang='lat' dir='ltr'><strong>verisimilius</strong></span> 
     </span>
     <span class='ocr_line' id='line_1_36' title="bbox 475 3471 1531 3526; baseline 0.008 -8"><span class='ocrx_word' id='word_1_190' title='bbox 475 3476 557 3519; x_wconf 89' lang='lat' dir='ltr'><strong>est</strong></span> <span class='ocrx_word' id='word_1_191' title='bbox 613 3471 906 3523; x_wconf 83' lang='lat' dir='ltr'><strong>balatrones</strong></span> <span class='ocrx_word' id='word_1_192' title='bbox 949 3474 1234 3525; x_wconf 78' lang='lat' dir='ltr'><strong>convicium</strong></span> <span class='ocrx_word' id='word_1_193' title='bbox 1275 3474 1435 3526; x_wconf 79' lang='lat' dir='ltr'><strong>fuisse</strong></span> <span class='ocrx_word' id='word_1_194' title='bbox 1477 3477 1531 3526; x_wconf 87' lang='lat' dir='ltr'><strong>in</strong></span> 
     </span>
     <span class='ocr_line' id='line_1_37' title="bbox 474 3550 1533 3617; baseline 0.008 -20"><span class='ocrx_word' id='word_1_195' title='bbox 474 3561 563 3598; x_wconf 88' lang='lat' dir='ltr'><strong>eos</strong></span> <span class='ocrx_word' id='word_1_196' title='bbox 583 3564 711 3614; x_wconf 87' lang='lat' dir='ltr'><strong>quos</strong></span> <span class='ocrx_word' id='word_1_197' title='bbox 727 3550 1172 3617; x_wconf 80' lang='lat' dir='ltr'><strong>abominabantur,</strong></span> <span class='ocrx_word' id='word_1_198' title='bbox 1190 3561 1245 3604; x_wconf 90' lang='lat' dir='ltr'><strong>et</strong></span> <span class='ocrx_word' id='word_1_199' title='bbox 1265 3554 1533 3605; x_wconf 83' lang='lat' dir='ltr'><strong>barathro-</strong></span> 
     </span>
     <span class='ocr_line' id='line_1_38' title="bbox 472 3628 1530 3697; baseline 0.005 -21"><span class='ocrx_word' id='word_1_200' title='bbox 472 3639 561 3676; x_wconf 78' lang='lat' dir='ltr'><strong>nes</strong></span> <span class='ocrx_word' id='word_1_201' title='bbox 583 3628 753 3692; x_wconf 88' lang='lat' dir='ltr'><strong>potius</strong></span> <span class='ocrx_word' id='word_1_202' title='bbox 774 3629 946 3680; x_wconf 86' lang='lat' dir='ltr'><strong>dietus</strong></span> <span class='ocrx_word' id='word_1_203' title='bbox 968 3638 1210 3697; x_wconf 88' lang='lat' dir='ltr'><strong>tanquam</strong></span> <span class='ocrx_word' id='word_1_204' title='bbox 1235 3631 1417 3694; x_wconf 74' lang='lat' dir='ltr'><strong>dignos</strong></span> <span class='ocrx_word' id='word_1_205' title='bbox 1439 3632 1530 3696; x_wconf 88' lang='lat' dir='ltr'><strong>qui</strong></span> 
     </span>
     <span class='ocr_line' id='line_1_39' title="bbox 472 3705 1530 3762; baseline 0.006 -8"><span class='ocrx_word' id='word_1_206' title='bbox 472 3705 525 3753; x_wconf 89' lang='lat' dir='ltr'><strong>in</strong></span> <span class='ocrx_word' id='word_1_207' title='bbox 548 3705 841 3757; x_wconf 82' lang='lat' dir='ltr'><strong>barathrum</strong></span> <span class='ocrx_word' id='word_1_208' title='bbox 869 3708 1256 3758; x_wconf 80' lang='lat' dir='ltr'><strong>Atheniensium</strong></span> <span class='ocrx_word' id='word_1_209' title='bbox 1276 3723 1415 3759; x_wconf 85' lang='lat' dir='ltr'><strong>more</strong></span> <span class='ocrx_word' id='word_1_210' title='bbox 1438 3708 1530 3762; x_wconf 83' lang='lat' dir='ltr'><strong>de-</strong></span> 
     </span>
     <span class='ocr_line' id='line_1_40' title="bbox 462 3780 1528 3844; baseline 0.005 -14"><span class='ocrx_word' id='word_1_211' title='bbox 462 3780 769 3844; x_wconf 86' lang='lat' dir='ltr'><strong>jicerentur.</strong></span> <span class='ocrx_word' id='word_1_212' title='bbox 836 3785 936 3834; x_wconf 86' lang='lat' dir='ltr'><strong>Sed</strong></span> <span class='ocrx_word' id='word_1_213' title='bbox 963 3785 1072 3837; x_wconf 71' lang='lat' dir='ltr'><strong>haee</strong></span> <span class='ocrx_word' id='word_1_214' title='bbox 1105 3786 1272 3835; x_wconf 90' lang='lat' dir='ltr'><strong>omnia</strong></span> <span class='ocrx_word' id='word_1_215' title='bbox 1291 3800 1414 3836; x_wconf 81' lang='lat' dir='ltr'><strong>vere</strong></span> <span class='ocrx_word' id='word_1_216' title='bbox 1433 3800 1528 3835; x_wconf 91' lang='lat' dir='ltr'><strong>nu-</strong></span> 
     </span>
     <span class='ocr_line' id='line_1_41' title="bbox 472 3861 1528 3922; baseline 0.004 -14"><span class='ocrx_word' id='word_1_217' title='bbox 472 3873 551 3922; x_wconf 74' lang='lat' dir='ltr'><strong>gae</strong></span> <span class='ocrx_word' id='word_1_218' title='bbox 576 3870 711 3910; x_wconf 87' lang='lat' dir='ltr'><strong>sunt.</strong></span> <span class='ocrx_word' id='word_1_219' title='bbox 780 3861 991 3913; x_wconf 86' lang='lat' dir='ltr'><strong>Balatro</strong></span> <span class='ocrx_word' id='word_1_220' title='bbox 1005 3876 1105 3914; x_wconf 81' lang='lat' dir='ltr'><strong>vox</strong></span> <span class='ocrx_word' id='word_1_221' title='bbox 1127 3870 1208 3913; x_wconf 91' lang='lat' dir='ltr'><strong>est</strong></span> <span class='ocrx_word' id='word_1_222' title='bbox 1235 3861 1399 3912; x_wconf 84' lang='lat' dir='ltr'><strong>adhue</strong></span> <span class='ocrx_word' id='word_1_223' title='bbox 1422 3876 1528 3912; x_wconf 90' lang='lat' dir='ltr'><strong>om-</strong></span> 
     </span>
     <span class='ocr_line' id='line_1_42' title="bbox 470 3935 1529 4006; baseline 0.008 -23"><span class='ocrx_word' id='word_1_224' title='bbox 470 3935 619 3986; x_wconf 86' lang='lat' dir='ltr'><strong>nibus</strong></span> <span class='ocrx_word' id='word_1_225' title='bbox 651 3937 905 4001; x_wconf 79' lang='lat' dir='ltr'><strong>ignorata,</strong></span> <span class='ocrx_word' id='word_1_226' title='bbox 927 3940 1056 3989; x_wconf 89' lang='lat' dir='ltr'><strong>etin</strong></span> <span class='ocrx_word' id='word_1_227' title='bbox 1085 3955 1187 4006; x_wconf 84' lang='lat' dir='ltr'><strong>qua</strong></span> <span class='ocrx_word' id='word_1_228' title='bbox 1220 3941 1529 4006; x_wconf 85' lang='lat' dir='ltr'><strong>exponenda</strong></span> 
     </span>
     <span class='ocr_line' id='line_1_43' title="bbox 471 4012 1528 4078; baseline 0.006 -16"><span class='ocrx_word' id='word_1_229' title='bbox 471 4027 621 4078; x_wconf 77' lang='lat' dir='ltr'><strong>aeque</strong></span> <span class='ocrx_word' id='word_1_230' title='bbox 654 4012 904 4065; x_wconf 78' lang='lat' dir='ltr'><strong>falluntur</strong></span> <span class='ocrx_word' id='word_1_231' title='bbox 937 4031 1052 4066; x_wconf 86' lang='lat' dir='ltr'><strong>cum</strong></span> <span class='ocrx_word' id='word_1_232' title='bbox 1079 4025 1281 4068; x_wconf 82' lang='lat' dir='ltr'><strong>veteres</strong></span> <span class='ocrx_word' id='word_1_233' title='bbox 1304 4027 1412 4068; x_wconf 91' lang='lat' dir='ltr'><strong>turn</strong></span> <span class='ocrx_word' id='word_1_234' title='bbox 1448 4032 1528 4067; x_wconf 86' lang='lat' dir='ltr'><strong>re·</strong></span> 
     </span>
     <span class='ocr_line' id='line_1_44' title="bbox 467 4094 1526 4151; baseline 0.008 -13"><span class='ocrx_word' id='word_1_235' title='bbox 467 4098 683 4151; x_wconf 81' lang='lat' dir='ltr'><strong>centes;</strong></span> <span class='ocrx_word' id='word_1_236' title='bbox 718 4099 798 4142; x_wconf 89' lang='lat' dir='ltr'><strong>est</strong></span> <span class='ocrx_word' id='word_1_237' title='bbox 826 4094 963 4142; x_wconf 90' lang='lat' dir='ltr'><strong>enim</strong></span> <span class='ocrx_word' id='word_1_238' title='bbox 997 4108 1138 4145; x_wconf 87' lang='lat' dir='ltr'><strong>mere</strong></span> <span class='ocrx_word' id='word_1_239' title='bbox 1178 4096 1419 4147; x_wconf 71' lang='lat' dir='ltr'><strong>Graecum</strong></span> <span class='ocrx_word' id='word_1_240' title='bbox 1443 4096 1526 4146; x_wconf 79' lang='lat' dir='ltr'><strong>bu-</strong></span> 
     </span>
     <span class='ocr_line' id='line_1_45' title="bbox 466 4168 1525 4232; baseline 0.01 -18"><span class='ocrx_word' id='word_1_241' title='bbox 466 4168 611 4228; x_wconf 79' lang='lat' dir='ltr'><strong>lutro,</strong></span> <span class='ocrx_word' id='word_1_242' title='bbox 633 4176 687 4232; x_wconf 86' lang='lat' dir='ltr'><strong>et</strong></span> <span class='ocrx_word' id='word_1_243' title='bbox 708 4184 737 4218; x_wconf 90' lang='lat' dir='ltr'><strong>a</strong></span> <span class='ocrx_word' id='word_1_244' title='bbox 763 4169 960 4220; x_wconf 79' lang='lat' dir='ltr'><strong>balneis</strong></span> <span class='ocrx_word' id='word_1_245' title='bbox 983 4178 1225 4223; x_wconf 82' lang='lat' dir='ltr'><strong>tractum.</strong></span> <span class='ocrx_word' id='word_1_246' title='bbox 1294 4175 1366 4224; x_wconf 86' lang='lat' dir='ltr'><strong>Ut</strong></span> <span class='ocrx_word' id='word_1_247' title='bbox 1391 4190 1421 4224; x_wconf 85' lang='lat' dir='ltr'><strong>a</strong></span> <span class='ocrx_word' id='word_1_248' title='bbox 1439 4192 1525 4224; x_wconf 76' lang='grc' dir='ltr'><strong>κα·</strong></span> 
     </span>
     <span class='ocr_line' id='line_1_46' title="bbox 464 4240 1522 4316; baseline 0.01 -24"><span class='ocrx_word' id='word_1_249' title='bbox 464 4240 580 4307; x_wconf 76' lang='grc' dir='ltr'><strong>λέω,</strong></span> <span class='ocrx_word' id='word_1_250' title='bbox 618 4242 824 4312; x_wconf 70' lang='grc' dir='ltr'><strong>καλέσω,</strong></span> <span class='ocrx_word' id='word_1_251' title='bbox 856 4252 1111 4313; x_wconf 75' lang='grc' dir='ltr'><strong>καλιστρῶ,</strong></span> <span class='ocrx_word' id='word_1_252' title='bbox 1148 4250 1224 4301; x_wconf 85' lang='lat' dir='ltr'><strong>sic</strong></span> <span class='ocrx_word' id='word_1_253' title='bbox 1257 4266 1305 4315; x_wconf 85' lang='lat' dir='ltr'><strong>a,</strong></span> <span class='ocrx_word' id='word_1_254' title='bbox 1330 4251 1522 4316; x_wconf 66' lang='grc' dir='ltr'><strong>βάλλω,</strong></span> 
     </span>
    </p>
   </div>
   <div class='ocr_carea' id='block_1_8' title="bbox 1628 1691 2678 1755">
    <p class='ocr_par' dir='ltr' id='par_1_9' title="bbox 1628 1691 2678 1755">
     <span class='ocr_line' id='line_1_47' title="bbox 1628 1691 2678 1755; baseline 0.004 -15"><span class='ocrx_word' id='word_1_255' title='bbox 1628 1708 1799 1755; x_wconf 63' lang='grc' dir='ltr'><strong><em>στρων,</em></strong></span> <span class='ocrx_word' id='word_1_256' title='bbox 1822 1691 2064 1755; x_wconf 86' lang='lat' dir='ltr'><strong>balastro,</strong></span> <span class='ocrx_word' id='word_1_257' title='bbox 2077 1692 2293 1750; x_wconf 85' lang='lat' dir='ltr'><strong>balatro,</strong></span> <span class='ocrx_word' id='word_1_258' title='bbox 2307 1701 2361 1743; x_wconf 83' lang='lat' dir='ltr'><strong>et</strong></span> <span class='ocrx_word' id='word_1_259' title='bbox 2379 1694 2678 1744; x_wconf 87' lang='lat' dir='ltr'><strong>balastrum.</strong></span> 
     </span>
    </p>
   </div>
   <div class='ocr_carea' id='block_1_9' title="bbox 1628 1767 2780 1834">
    <p class='ocr_par' dir='ltr' id='par_1_10' title="bbox 1628 1767 2780 1834">
     <span class='ocr_line' id='line_1_48' title="bbox 1628 1767 2780 1834; baseline -0.002 -17"><span class='ocrx_word' id='word_1_260' title='bbox 1628 1767 1828 1818; x_wconf 74' lang='lat' dir='ltr'><strong>Glossae</strong></span> <span class='ocrx_word' id='word_1_261' title='bbox 1882 1768 2092 1819; x_wconf 86' lang='lat' dir='ltr'><strong>Isidori:</strong></span> <span class='ocrx_word' id='word_1_262' title='bbox 2137 1770 2153 1798; x_wconf 76' lang='lat'>⁸</span> <span class='ocrx_word' id='word_1_263' title='bbox 2180 1769 2494 1834; x_wconf 87' lang='lat' dir='ltr'><strong>ballastrum,</strong></span> <span class='ocrx_word' id='word_1_264' title='bbox 2551 1771 2680 1821; x_wconf 85' lang='lat' dir='ltr'><strong>bali·</strong></span> <span class='ocrx_word' id='word_1_265' title='bbox 2771 1808 2780 1815; x_wconf 93' lang='lat'><strong>.</strong></span> 
     </span>
    </p>
   </div>
   <div class='ocr_carea' id='block_1_10' title="bbox 1623 1844 2680 2685">
    <p class='ocr_par' dir='ltr' id='par_1_11' title="bbox 1623 1844 2680 2685">
     <span class='ocr_line' id='line_1_49' title="bbox 1625 1844 2678 1914; baseline 0.003 -20"><span class='ocrx_word' id='word_1_266' title='bbox 1625 1844 1814 1897; x_wconf 88' lang='lat' dir='ltr'><strong>neum.&#39;</strong></span> <span class='ocrx_word' id='word_1_267' title='bbox 1882 1846 2011 1896; x_wconf 82' lang='lat' dir='ltr'><strong>Erat</strong></span> <span class='ocrx_word' id='word_1_268' title='bbox 2041 1845 2199 1910; x_wconf 81' lang='lat' dir='ltr'><strong>igitur</strong></span> <span class='ocrx_word' id='word_1_269' title='bbox 2230 1846 2408 1898; x_wconf 69' lang='lat' dir='ltr'><strong>balaan-o</strong></span> <span class='ocrx_word' id='word_1_270' title='bbox 2442 1848 2678 1914; x_wconf 84' lang='lat' dir='ltr'><strong>aquario·</strong></span> 
     </span>
     <span class='ocr_line' id='line_1_50' title="bbox 1629 1922 2680 1988; baseline 0.005 -16"><span class='ocrx_word' id='word_1_271' title='bbox 1629 1922 1728 1987; x_wconf 84' lang='lat' dir='ltr'><strong>lus,</strong></span> <span class='ocrx_word' id='word_1_272' title='bbox 1749 1922 1832 1988; x_wconf 92' lang='lat' dir='ltr'><strong>qui</strong></span> <span class='ocrx_word' id='word_1_273' title='bbox 1857 1922 1907 1971; x_wconf 92' lang='lat' dir='ltr'><strong>in</strong></span> <span class='ocrx_word' id='word_1_274' title='bbox 1932 1923 2082 1973; x_wconf 86' lang='lat' dir='ltr'><strong>domo</strong></span> <span class='ocrx_word' id='word_1_275' title='bbox 2105 1923 2305 1974; x_wconf 87' lang='lat' dir='ltr'><strong>lenonia</strong></span> <span class='ocrx_word' id='word_1_276' title='bbox 2326 1925 2680 1977; x_wconf 82' lang='lat' dir='ltr'><strong>meretricibus</strong></span> 
     </span>
     <span class='ocr_line' id='line_1_51' title="bbox 1627 1999 2678 2069; baseline 0.005 -20"><span class='ocrx_word' id='word_1_277' title='bbox 1627 1999 1914 2049; x_wconf 81' lang='lat' dir='ltr'><strong>lavantibus</strong></span> <span class='ocrx_word' id='word_1_278' title='bbox 1947 1999 2270 2052; x_wconf 87' lang='lat' dir='ltr'><strong>ministrabat</strong></span> <span class='ocrx_word' id='word_1_279' title='bbox 2297 2001 2347 2051; x_wconf 92' lang='lat' dir='ltr'><strong>in</strong></span> <span class='ocrx_word' id='word_1_280' title='bbox 2369 2017 2502 2069; x_wconf 88' lang='lat' dir='ltr'><strong>aqua</strong></span> <span class='ocrx_word' id='word_1_281' title='bbox 2521 2017 2678 2068; x_wconf 73' lang='lat' dir='ltr'><strong>agge·</strong></span> 
     </span>
     <span class='ocr_line' id='line_1_52' title="bbox 1628 2076 2678 2142; baseline 0.004 -15"><span class='ocrx_word' id='word_1_282' title='bbox 1628 2077 1812 2142; x_wconf 87' lang='lat' dir='ltr'><strong>runda,</strong></span> <span class='ocrx_word' id='word_1_283' title='bbox 1828 2076 2018 2135; x_wconf 73' lang='grc' dir='ltr'><strong>βαλλὰς</strong></span> <span class='ocrx_word' id='word_1_284' title='bbox 2035 2076 2260 2129; x_wconf 86' lang='lat' dir='ltr'><strong>indidem</strong></span> <span class='ocrx_word' id='word_1_285' title='bbox 2288 2079 2456 2130; x_wconf 87' lang='lat' dir='ltr'><strong>dictus</strong></span> <span class='ocrx_word' id='word_1_286' title='bbox 2478 2088 2532 2131; x_wconf 87' lang='lat' dir='ltr'><strong>et</strong></span> <span class='ocrx_word' id='word_1_287' title='bbox 2553 2083 2678 2137; x_wconf 74' lang='grc' dir='ltr'><strong>βαλ-</strong></span> 
     </span>
     <span class='ocr_line' id='line_1_53' title="bbox 1626 2153 2679 2221; baseline 0.005 -16"><span class='ocrx_word' id='word_1_288' title='bbox 1626 2153 1730 2207; x_wconf 73' lang='grc' dir='ltr'><strong>λίυ.</strong></span> <span class='ocrx_word' id='word_1_289' title='bbox 1799 2157 1867 2205; x_wconf 84' lang='lat' dir='ltr'><strong>Et</strong></span> <span class='ocrx_word' id='word_1_290' title='bbox 1899 2156 2018 2221; x_wconf 88' lang='lat' dir='ltr'><strong>quia</strong></span> <span class='ocrx_word' id='word_1_291' title='bbox 2051 2157 2277 2208; x_wconf 88' lang='lat' dir='ltr'><strong>homines</strong></span> <span class='ocrx_word' id='word_1_292' title='bbox 2309 2157 2505 2209; x_wconf 81' lang='lat' dir='ltr'><strong>sordidi</strong></span> <span class='ocrx_word' id='word_1_293' title='bbox 2527 2168 2583 2209; x_wconf 91' lang='lat' dir='ltr'><strong>et</strong></span> <span class='ocrx_word' id='word_1_294' title='bbox 2603 2160 2679 2210; x_wconf 77' lang='lat' dir='ltr'><strong>vi·</strong></span> 
     </span>
     <span class='ocr_line' id='line_1_54' title="bbox 1626 2232 2678 2299; baseline 0.002 -15"><span class='ocrx_word' id='word_1_295' title='bbox 1626 2233 1701 2284; x_wconf 85' lang='lat' dir='ltr'><strong>les</strong></span> <span class='ocrx_word' id='word_1_296' title='bbox 1721 2232 1841 2283; x_wconf 84' lang='lat' dir='ltr'><strong>huic</strong></span> <span class='ocrx_word' id='word_1_297' title='bbox 1864 2234 2151 2285; x_wconf 88' lang='lat' dir='ltr'><strong>ministerio</strong></span> <span class='ocrx_word' id='word_1_298' title='bbox 2184 2248 2368 2299; x_wconf 83' lang='lat' dir='ltr'><strong>operas</strong></span> <span class='ocrx_word' id='word_1_299' title='bbox 2390 2250 2509 2286; x_wconf 89' lang='lat' dir='ltr'><strong>suas</strong></span> <span class='ocrx_word' id='word_1_300' title='bbox 2540 2237 2678 2286; x_wconf 86' lang='lat' dir='ltr'><strong>loca·</strong></span> 
     </span>
     <span class='ocr_line' id='line_1_55' title="bbox 1626 2309 2677 2378; baseline 0.004 -19"><span class='ocrx_word' id='word_1_301' title='bbox 1626 2309 1770 2368; x_wconf 87' lang='lat' dir='ltr'><strong>bant,</strong></span> <span class='ocrx_word' id='word_1_302' title='bbox 1794 2309 1913 2359; x_wconf 89' lang='lat' dir='ltr'><strong>inde</strong></span> <span class='ocrx_word' id='word_1_303' title='bbox 1943 2309 2139 2361; x_wconf 78' lang='lat' dir='ltr'><strong>factum</strong></span> <span class='ocrx_word' id='word_1_304' title='bbox 2176 2320 2234 2361; x_wconf 89' lang='lat' dir='ltr'><strong>ut</strong></span> <span class='ocrx_word' id='word_1_305' title='bbox 2269 2312 2494 2362; x_wconf 79' lang='lat' dir='ltr'><strong>homines</strong></span> <span class='ocrx_word' id='word_1_306' title='bbox 2528 2313 2677 2378; x_wconf 83' lang='lat' dir='ltr'><strong>quili-</strong></span> 
     </span>
     <span class='ocr_line' id='line_1_56' title="bbox 1625 2387 2675 2455; baseline 0.002 -16"><span class='ocrx_word' id='word_1_307' title='bbox 1625 2387 1715 2439; x_wconf 85' lang='lat' dir='ltr'><strong>bet</strong></span> <span class='ocrx_word' id='word_1_308' title='bbox 1745 2388 1932 2454; x_wconf 90' lang='lat' dir='ltr'><strong>impuri</strong></span> <span class='ocrx_word' id='word_1_309' title='bbox 1956 2395 2010 2439; x_wconf 89' lang='lat' dir='ltr'><strong>et</strong></span> <span class='ocrx_word' id='word_1_310' title='bbox 2031 2402 2250 2455; x_wconf 83' lang='lat' dir='ltr'><strong>nequam</strong></span> <span class='ocrx_word' id='word_1_311' title='bbox 2287 2388 2579 2441; x_wconf 85' lang='lat' dir='ltr'><strong>balatrones</strong></span> <span class='ocrx_word' id='word_1_312' title='bbox 2599 2389 2675 2441; x_wconf 88' lang='lat' dir='ltr'><strong>di·</strong></span> 
     </span>
     <span class='ocr_line' id='line_1_57' title="bbox 1623 2464 2675 2520; baseline 0.005 -5"><span class='ocrx_word' id='word_1_313' title='bbox 1623 2473 1885 2516; x_wconf 86' lang='lat' dir='ltr'><strong>cerentur.</strong></span> <span class='ocrx_word' id='word_1_314' title='bbox 1952 2464 2129 2516; x_wconf 86' lang='lat' dir='ltr'><strong>Possit</strong></span> <span class='ocrx_word' id='word_1_315' title='bbox 2173 2467 2329 2517; x_wconf 85' lang='lat' dir='ltr'><strong>etiam</strong></span> <span class='ocrx_word' id='word_1_316' title='bbox 2365 2475 2422 2519; x_wconf 86' lang='lat' dir='ltr'><strong>et</strong></span> <span class='ocrx_word' id='word_1_317' title='bbox 2461 2468 2564 2519; x_wconf 86' lang='lat' dir='ltr'><strong>alia</strong></span> <span class='ocrx_word' id='word_1_318' title='bbox 2598 2482 2675 2520; x_wconf 86' lang='lat' dir='ltr'><strong>ra·</strong></span> 
     </span>
     <span class='ocr_line' id='line_1_58' title="bbox 1625 2542 2675 2608; baseline 0.003 -15"><span class='ocrx_word' id='word_1_319' title='bbox 1625 2543 1696 2593; x_wconf 90' lang='lat' dir='ltr'><strong>tio</strong></span> <span class='ocrx_word' id='word_1_320' title='bbox 1716 2544 1860 2608; x_wconf 77' lang='lat' dir='ltr'><strong>liujus</strong></span> <span class='ocrx_word' id='word_1_321' title='bbox 1883 2544 2098 2594; x_wconf 89' lang='lat' dir='ltr'><strong>nominis</strong></span> <span class='ocrx_word' id='word_1_322' title='bbox 2123 2544 2358 2607; x_wconf 80' lang='lat' dir='ltr'><strong>inveniri,</strong></span> <span class='ocrx_word' id='word_1_323' title='bbox 2380 2551 2433 2595; x_wconf 91' lang='lat' dir='ltr'><strong>et</strong></span> <span class='ocrx_word' id='word_1_324' title='bbox 2455 2542 2675 2596; x_wconf 81' lang='lat' dir='ltr'><strong>fortasse</strong></span> 
     </span>
     <span class='ocr_line' id='line_1_59' title="bbox 1623 2620 2672 2685; baseline 0.002 -15"><span class='ocrx_word' id='word_1_325' title='bbox 1623 2621 1813 2682; x_wconf 83' lang='lat' dir='ltr'><strong>verior,</strong></span> <span class='ocrx_word' id='word_1_326' title='bbox 1833 2634 1899 2670; x_wconf 83' lang='lat' dir='ltr'><strong>ex</strong></span> <span class='ocrx_word' id='word_1_327' title='bbox 1924 2620 2103 2669; x_wconf 89' lang='lat' dir='ltr'><strong>eadem</strong></span> <span class='ocrx_word' id='word_1_328' title='bbox 2122 2627 2294 2671; x_wconf 88' lang='lat' dir='ltr'><strong>tamen</strong></span> <span class='ocrx_word' id='word_1_329' title='bbox 2309 2621 2508 2685; x_wconf 71' lang='lat' dir='ltr'><strong>origiue</strong></span> <span class='ocrx_word' id='word_1_330' title='bbox 2523 2640 2539 2683; x_wconf 66' lang='grc' dir='ltr'>ς</span> <span class='ocrx_word' id='word_1_331' title='bbox 2554 2636 2672 2672; x_wconf 89' lang='lat' dir='ltr'><strong>uam</strong></span> 
     </span>
    </p>
   </div>
   <div class='ocr_carea' id='block_1_11' title="bbox 1621 2694 2672 2759">
    <p class='ocr_par' dir='ltr' id='par_1_12' title="bbox 1621 2694 2672 2759">
     <span class='ocr_line' id='line_1_60' title="bbox 1621 2694 2672 2759; baseline 0.003 -13"><span class='ocrx_word' id='word_1_332' title='bbox 1621 2695 1828 2752; x_wconf 71' lang='grc' dir='ltr'>βάλλω</span> <span class='ocrx_word' id='word_1_333' title='bbox 1869 2705 1923 2747; x_wconf 89' lang='lat' dir='ltr'><strong>et</strong></span> <span class='ocrx_word' id='word_1_334' title='bbox 1966 2694 2214 2759; x_wconf 68' lang='grc' dir='ltr'><strong>βαλλίζω</strong></span> <span class='ocrx_word' id='word_1_335' title='bbox 2252 2697 2486 2749; x_wconf 83' lang='lat' dir='ltr'><strong>absolute</strong></span> <span class='ocrx_word' id='word_1_336' title='bbox 2528 2698 2672 2749; x_wconf 82' lang='lat' dir='ltr'><strong>dixe-</strong></span> 
     </span>
    </p>
   </div>
   <div class='ocr_carea' id='block_1_12' title="bbox 1619 2772 2672 2992">
    <p class='ocr_par' dir='ltr' id='par_1_13' title="bbox 1619 2772 2672 2992">
     <span class='ocr_line' id='line_1_61' title="bbox 1624 2772 2672 2840; baseline 0.006 -19"><span class='ocrx_word' id='word_1_337' title='bbox 1624 2781 1741 2824; x_wconf 89' lang='lat' dir='ltr'><strong>runt</strong></span> <span class='ocrx_word' id='word_1_338' title='bbox 1767 2781 1970 2824; x_wconf 78' lang='lat' dir='ltr'><strong>veteres</strong></span> <span class='ocrx_word' id='word_1_339' title='bbox 1983 2773 2158 2824; x_wconf 73' lang='lat' dir='ltr'><strong>Graeci</strong></span> <span class='ocrx_word' id='word_1_340' title='bbox 2180 2788 2272 2839; x_wconf 90' lang='lat' dir='ltr'><strong>pro</strong></span> <span class='ocrx_word' id='word_1_341' title='bbox 2291 2772 2550 2840; x_wconf 73' lang='grc' dir='ltr'><strong><em>ὀρχεῖσθαι,</em></strong></span> <span class='ocrx_word' id='word_1_342' title='bbox 2572 2777 2672 2826; x_wconf 85' lang='lat' dir='ltr'><strong>sai·</strong></span> 
     </span>
     <span class='ocr_line' id='line_1_62' title="bbox 1623 2848 2672 2907; baseline 0.003 -7"><span class='ocrx_word' id='word_1_343' title='bbox 1623 2859 1751 2900; x_wconf 83' lang='lat' dir='ltr'><strong>tare.</strong></span> <span class='ocrx_word' id='word_1_344' title='bbox 1816 2849 1888 2900; x_wconf 81' lang='lat' dir='ltr'><strong>At</strong></span> <span class='ocrx_word' id='word_1_345' title='bbox 1910 2864 1940 2900; x_wconf 96' lang='lat' dir='ltr'><strong>a</strong></span> <span class='ocrx_word' id='word_1_346' title='bbox 1960 2848 2164 2907; x_wconf 67' lang='grc' dir='ltr'>βάλλω</span> <span class='ocrx_word' id='word_1_347' title='bbox 2186 2851 2355 2901; x_wconf 85' lang='lat' dir='ltr'><strong>Latini</strong></span> <span class='ocrx_word' id='word_1_348' title='bbox 2377 2850 2553 2903; x_wconf 82' lang='lat' dir='ltr'><strong>fecere</strong></span> <span class='ocrx_word' id='word_1_349' title='bbox 2576 2853 2672 2903; x_wconf 77' lang='lat' dir='ltr'><strong>bal·</strong></span> 
     </span>
     <span class='ocr_line' id='line_1_63' title="bbox 1619 2927 2670 2992; baseline 0.002 -14"><span class='ocrx_word' id='word_1_350' title='bbox 1619 2929 1736 2978; x_wconf 80' lang='lat' dir='ltr'><strong>lare.</strong></span> <span class='ocrx_word' id='word_1_351' title='bbox 1801 2927 2001 2979; x_wconf 67' lang='lat' dir='ltr'><strong>Glossae</strong></span> <span class='ocrx_word' id='word_1_352' title='bbox 2029 2929 2364 2980; x_wconf 72' lang='lat' dir='ltr'><strong>Graeco-Lat.</strong></span> <span class='ocrx_word' id='word_1_353' title='bbox 2397 2931 2414 2961; x_wconf 78' lang='lat'>⁸</span> <span class='ocrx_word' id='word_1_354' title='bbox 2437 2928 2670 2992; x_wconf 69' lang='grc' dir='ltr'><strong>βαλλίζο,</strong></span> 
     </span>
    </p>
   </div>
   <div class='ocr_carea' id='block_1_13' title="bbox 1619 3005 2788 3071">
    <p class='ocr_par' dir='ltr' id='par_1_14' title="bbox 1619 3005 2788 3071">
     <span class='ocr_line' id='line_1_64' title="bbox 1619 3005 2788 3071; baseline 0.003 -16"><span class='ocrx_word' id='word_1_355' title='bbox 1619 3005 1790 3055; x_wconf 83' lang='lat' dir='ltr'><strong>ballo.’</strong></span> <span class='ocrx_word' id='word_1_356' title='bbox 1853 3005 2004 3056; x_wconf 89' lang='lat' dir='ltr'><strong>Unde</strong></span> <span class='ocrx_word' id='word_1_357' title='bbox 2037 3014 2267 3057; x_wconf 87' lang='lat' dir='ltr'><strong>nostrum</strong></span> <span class='ocrx_word' id='word_1_358' title='bbox 2301 3007 2398 3071; x_wconf 77' lang='lat' dir='ltr'><strong>bal,</strong></span> <span class='ocrx_word' id='word_1_359' title='bbox 2436 3008 2575 3058; x_wconf 72' lang='lat' dir='ltr'><strong>belet.</strong></span> <span class='ocrx_word' id='word_1_360' title='bbox 2621 3007 2670 3058; x_wconf 79' lang='lat' dir='ltr'>A</span> <span class='ocrx_word' id='word_1_361' title='bbox 2781 3023 2788 3032; x_wconf 88' lang='lat'><strong>·</strong></span> 
     </span>
    </p>
   </div>
   <div class='ocr_carea' id='block_1_14' title="bbox 1603 3081 2672 4316">
    <p class='ocr_par' dir='ltr' id='par_1_15' title="bbox 1612 3081 2672 3616">
     <span class='ocr_line' id='line_1_65' title="bbox 1616 3081 2671 3150; baseline 0 -16"><span class='ocrx_word' id='word_1_362' title='bbox 1616 3091 1632 3114; x_wconf 75' lang='lat'>⁸</span> <span class='ocrx_word' id='word_1_363' title='bbox 1655 3082 1885 3148; x_wconf 86' lang='lat' dir='ltr'><strong>ballare,&#39;</strong></span> <span class='ocrx_word' id='word_1_364' title='bbox 1938 3084 1955 3114; x_wconf 78' lang='lat'>⁸</span> <span class='ocrx_word' id='word_1_365' title='bbox 1979 3081 2236 3141; x_wconf 87' lang='lat' dir='ltr'><strong>ballator,’</strong></span> <span class='ocrx_word' id='word_1_366' title='bbox 2286 3086 2520 3149; x_wconf 87' lang='lat' dir='ltr'><strong>saltator,</strong></span> <span class='ocrx_word' id='word_1_367' title='bbox 2572 3099 2671 3150; x_wconf 86' lang='lat' dir='ltr'><strong>per</strong></span> 
     </span>
     <span class='ocr_line' id='line_1_66' title="bbox 1618 3161 2670 3225; baseline 0 -12"><span class='ocrx_word' id='word_1_368' title='bbox 1618 3161 2075 3225; x_wconf 83' lang='lat' dir='ltr'><strong>transpositionem</strong></span> <span class='ocrx_word' id='word_1_369' title='bbox 2128 3162 2145 3191; x_wconf 89' lang='lat'>‘</span> <span class='ocrx_word' id='word_1_370' title='bbox 2179 3162 2413 3214; x_wconf 68' lang='lat' dir='ltr'><strong>balatro!</strong></span> <span class='ocrx_word' id='word_1_371' title='bbox 2493 3164 2670 3216; x_wconf 83' lang='lat' dir='ltr'><strong>Quare</strong></span> 
     </span>
     <span class='ocr_line' id='line_1_67' title="bbox 1616 3239 2669 3305; baseline 0.001 -15"><span class='ocrx_word' id='word_1_372' title='bbox 1616 3245 1853 3305; x_wconf 85' lang='lat' dir='ltr'><strong>apertum</strong></span> <span class='ocrx_word' id='word_1_373' title='bbox 1882 3246 1964 3289; x_wconf 88' lang='lat' dir='ltr'><strong>est</strong></span> <span class='ocrx_word' id='word_1_374' title='bbox 1992 3252 2087 3291; x_wconf 86' lang='lat' dir='ltr'><strong>eur</strong></span> <span class='ocrx_word' id='word_1_375' title='bbox 2108 3253 2226 3290; x_wconf 85' lang='lat' dir='ltr'><strong>eum</strong></span> <span class='ocrx_word' id='word_1_376' title='bbox 2257 3239 2425 3291; x_wconf 86' lang='lat' dir='ltr'><strong>mimis</strong></span> <span class='ocrx_word' id='word_1_377' title='bbox 2449 3240 2669 3291; x_wconf 80' lang='lat' dir='ltr'><strong>balatro-</strong></span> 
     </span>
     <span class='ocr_line' id='line_1_68' title="bbox 1614 3316 2670 3382; baseline -0.001 -14"><span class='ocrx_word' id='word_1_378' title='bbox 1614 3332 1706 3369; x_wconf 90' lang='lat' dir='ltr'><strong>nes</strong></span> <span class='ocrx_word' id='word_1_379' title='bbox 1741 3316 2021 3382; x_wconf 71' lang='lat' dir='ltr'><strong>coujungat</strong></span> <span class='ocrx_word' id='word_1_380' title='bbox 2052 3317 2340 3368; x_wconf 79' lang='lat' dir='ltr'><strong>Horatius:</strong></span> <span class='ocrx_word' id='word_1_381' title='bbox 2382 3324 2398 3347; x_wconf 76' lang='lat'><strong><em>⁴</em></strong></span> <span class='ocrx_word' id='word_1_382' title='bbox 2422 3317 2670 3374; x_wconf 81' lang='lat' dir='ltr'><strong>Mendici,</strong></span> 
     </span>
     <span class='ocr_line' id='line_1_69' title="bbox 1614 3393 2672 3459; baseline -0.001 -13"><span class='ocrx_word' id='word_1_383' title='bbox 1614 3395 1805 3458; x_wconf 77' lang='lat' dir='ltr'><strong>mimae,</strong></span> <span class='ocrx_word' id='word_1_384' title='bbox 1828 3394 2135 3457; x_wconf 82' lang='lat' dir='ltr'><strong>balatrones,</strong></span> <span class='ocrx_word' id='word_1_385' title='bbox 2157 3393 2254 3445; x_wconf 84' lang='lat' dir='ltr'><strong>boe</strong></span> <span class='ocrx_word' id='word_1_386' title='bbox 2290 3409 2451 3459; x_wconf 71' lang='lat' dir='ltr'><strong>genus</strong></span> <span class='ocrx_word' id='word_1_387' title='bbox 2484 3393 2672 3445; x_wconf 63' lang='lat' dir='ltr'><strong>omne!</strong></span> 
     </span>
     <span class='ocr_line' id='line_1_70' title="bbox 1612 3471 2670 3524; baseline -0.002 0"><span class='ocrx_word' id='word_1_388' title='bbox 1612 3476 1683 3524; x_wconf 83' lang='lat' dir='ltr'><strong>Et</strong></span> <span class='ocrx_word' id='word_1_389' title='bbox 1719 3488 1817 3523; x_wconf 85' lang='lat' dir='ltr'><strong>cur</strong></span> <span class='ocrx_word' id='word_1_390' title='bbox 1836 3473 1996 3524; x_wconf 90' lang='lat' dir='ltr'><strong>etiam</strong></span> <span class='ocrx_word' id='word_1_391' title='bbox 2030 3472 2292 3523; x_wconf 64' lang='grc' dir='ltr'><strong>ὁσίαν-σιω</strong></span> <span class='ocrx_word' id='word_1_392' title='bbox 2321 3472 2448 3523; x_wconf 87' lang='lat' dir='ltr'><strong>dieti</strong></span> <span class='ocrx_word' id='word_1_393' title='bbox 2470 3471 2670 3522; x_wconf 79' lang='lat' dir='ltr'><strong>fuerint</strong></span> 
     </span>
     <span class='ocr_line' id='line_1_71' title="bbox 1612 3549 2497 3616; baseline 0 -14"><span class='ocrx_word' id='word_1_394' title='bbox 1612 3552 1860 3616; x_wconf 88' lang='lat' dir='ltr'><strong>homines,</strong></span> <span class='ocrx_word' id='word_1_395' title='bbox 1882 3564 1983 3600; x_wconf 91' lang='lat' dir='ltr'><strong>non</strong></span> <span class='ocrx_word' id='word_1_396' title='bbox 2007 3549 2312 3616; x_wconf 69' lang='lat' dir='ltr'><strong>quisquilia».</strong></span> <span class='ocrx_word' id='word_1_397' title='bbox 2346 3551 2497 3602; x_wconf 70' lang='lat' dir='ltr'><strong>Idem.</strong></span> 
     </span>
    </p>

    <p class='ocr_par' dir='ltr' id='par_1_16' title="bbox 1603 3626 2671 4316">
     <span class='ocr_line' id='line_1_72' title="bbox 1676 3626 2669 3691; baseline 0 -13"><span class='ocrx_word' id='word_1_398' title='bbox 1676 3635 1703 3672; x_wconf 73' lang='lat'><em>8</em></span> <span class='ocrx_word' id='word_1_399' title='bbox 1733 3626 2051 3691; x_wconf 62' lang='lat' dir='ltr'><strong>Benearnum]</strong></span> <span class='ocrx_word' id='word_1_400' title='bbox 2087 3629 2254 3678; x_wconf 63' lang='lat' dir='ltr'><strong>Inous</strong></span> <span class='ocrx_word' id='word_1_401' title='bbox 2270 3626 2490 3678; x_wconf 77' lang='lat' dir='ltr'><strong>Athenis</strong></span> <span class='ocrx_word' id='word_1_402' title='bbox 2504 3628 2558 3678; x_wconf 90' lang='lat' dir='ltr'><strong>in</strong></span> <span class='ocrx_word' id='word_1_403' title='bbox 2576 3628 2669 3678; x_wconf 88' lang='lat' dir='ltr'><strong>im·</strong></span> 
     </span>
     <span class='ocr_line' id='line_1_73' title="bbox 1611 3704 2666 3770; baseline 0.003 -17"><span class='ocrx_word' id='word_1_404' title='bbox 1611 3717 1835 3755; x_wconf 89' lang='lat' dir='ltr'><strong>mensam</strong></span> <span class='ocrx_word' id='word_1_405' title='bbox 1888 3704 2219 3755; x_wconf 85' lang='lat' dir='ltr'><strong>altitudinem</strong></span> <span class='ocrx_word' id='word_1_406' title='bbox 2266 3704 2560 3770; x_wconf 85' lang='lat' dir='ltr'><strong>depressus,</strong></span> <span class='ocrx_word' id='word_1_407' title='bbox 2615 3707 2666 3756; x_wconf 89' lang='lat' dir='ltr'><strong>in</strong></span> 
     </span>
     <span class='ocr_line' id='line_1_74' title="bbox 1608 3778 2671 3848; baseline 0.001 -16"><span class='ocrx_word' id='word_1_408' title='bbox 1608 3796 1760 3847; x_wconf 87' lang='lat' dir='ltr'><strong>quem</strong></span> <span class='ocrx_word' id='word_1_409' title='bbox 1805 3778 2026 3832; x_wconf 78' lang='lat' dir='ltr'><strong>malefici</strong></span> <span class='ocrx_word' id='word_1_410' title='bbox 2079 3781 2567 3848; x_wconf 59' lang='lat' dir='ltr'><strong>prucipitabantur,</strong></span> <span class='ocrx_word' id='word_1_411' title='bbox 2609 3791 2671 3834; x_wconf 89' lang='lat' dir='ltr'><strong>ut</strong></span> 
     </span>
     <span class='ocr_line' id='line_1_75' title="bbox 1607 3859 2667 3924; baseline 0.001 -15"><span class='ocrx_word' id='word_1_412' title='bbox 1607 3862 1810 3924; x_wconf 71' lang='lat' dir='ltr'><strong>Spartae</strong></span> <span class='ocrx_word' id='word_1_413' title='bbox 1833 3861 1885 3910; x_wconf 89' lang='lat' dir='ltr'><strong>in</strong></span> <span class='ocrx_word' id='word_1_414' title='bbox 1911 3860 2159 3912; x_wconf 69' lang='lat' dir='ltr'><strong>Coeisdm.</strong></span> <span class='ocrx_word' id='word_1_415' title='bbox 2224 3860 2312 3910; x_wconf 84' lang='lat' dir='ltr'><strong>Sic</strong></span> <span class='ocrx_word' id='word_1_416' title='bbox 2334 3859 2504 3910; x_wconf 88' lang='lat' dir='ltr'><strong>dietus</strong></span> <span class='ocrx_word' id='word_1_417' title='bbox 2524 3874 2555 3910; x_wconf 91' lang='lat' dir='ltr'><strong>a</strong></span> <span class='ocrx_word' id='word_1_418' title='bbox 2577 3864 2667 3919; x_wconf 75' lang='grc' dir='ltr'><strong>βα-</strong></span> 
     </span>
     <span class='ocr_line' id='line_1_76' title="bbox 1607 3938 2667 4005; baseline 0.001 -16"><span class='ocrx_word' id='word_1_419' title='bbox 1607 3938 1687 3989; x_wconf 74' lang='grc' dir='ltr'><strong>θὺς</strong></span> <span class='ocrx_word' id='word_1_420' title='bbox 1721 3938 2026 4004; x_wconf 78' lang='lat' dir='ltr'><strong>profundus,</strong></span> <span class='ocrx_word' id='word_1_421' title='bbox 2050 3939 2151 4002; x_wconf 78' lang='lat' dir='ltr'><strong>vei,</strong></span> <span class='ocrx_word' id='word_1_422' title='bbox 2174 3945 2232 3988; x_wconf 91' lang='lat' dir='ltr'><strong>ut</strong></span> <span class='ocrx_word' id='word_1_423' title='bbox 2261 3938 2386 4003; x_wconf 74' lang='lat' dir='ltr'><strong>legit</strong></span> <span class='ocrx_word' id='word_1_424' title='bbox 2416 3939 2667 4005; x_wconf 71' lang='lat' dir='ltr'><strong>Scaliger,</strong></span> 
     </span>
     <span class='ocr_line' id='line_1_77' title="bbox 1608 4016 2663 4083; baseline 0.001 -16"><span class='ocrx_word' id='word_1_425' title='bbox 1608 4033 1638 4067; x_wconf 90' lang='lat' dir='ltr'><strong>a</strong></span> <span class='ocrx_word' id='word_1_426' title='bbox 1659 4017 1826 4082; x_wconf 75' lang='grc' dir='ltr'><strong><em>βαρὺς,</em></strong></span> <span class='ocrx_word' id='word_1_427' title='bbox 1849 4017 2039 4083; x_wconf 77' lang='lat' dir='ltr'><strong>gravis,</strong></span> <span class='ocrx_word' id='word_1_428' title='bbox 2057 4017 2320 4066; x_wconf 88' lang='lat' dir='ltr'><strong>molestus.</strong></span> <span class='ocrx_word' id='word_1_429' title='bbox 2362 4016 2466 4066; x_wconf 84' lang='lat' dir='ltr'><strong>Sed</strong></span> <span class='ocrx_word' id='word_1_430' title='bbox 2482 4017 2663 4068; x_wconf 87' lang='lat' dir='ltr'><strong>durum</strong></span> 
     </span>
     <span class='ocr_line' id='line_1_78' title="bbox 1608 4094 2662 4160; baseline -0.002 -14"><span class='ocrx_word' id='word_1_431' title='bbox 1608 4105 1899 4160; x_wconf 86' lang='lat' dir='ltr'><strong>utrumque.</strong></span> <span class='ocrx_word' id='word_1_432' title='bbox 1965 4094 2138 4146; x_wconf 88' lang='lat' dir='ltr'><strong>Quare</strong></span> <span class='ocrx_word' id='word_1_433' title='bbox 2163 4095 2333 4159; x_wconf 86' lang='lat' dir='ltr'><strong>potius</strong></span> <span class='ocrx_word' id='word_1_434' title='bbox 2361 4095 2662 4146; x_wconf 84' lang='lat' dir='ltr'><strong>Martininm</strong></span> 
     </span>
     <span class='ocr_line' id='line_1_79' title="bbox 1603 4171 2662 4239; baseline 0.001 -18"><span class='ocrx_word' id='word_1_435' title='bbox 1603 4186 1810 4239; x_wconf 86' lang='lat' dir='ltr'><strong>sequor,</strong></span> <span class='ocrx_word' id='word_1_436' title='bbox 1850 4171 1937 4237; x_wconf 90' lang='lat' dir='ltr'><strong>qui</strong></span> <span class='ocrx_word' id='word_1_437' title='bbox 1971 4171 2129 4221; x_wconf 82' lang='lat' dir='ltr'><strong>docet</strong></span> <span class='ocrx_word' id='word_1_438' title='bbox 2166 4178 2304 4222; x_wconf 86' lang='lat' dir='ltr'><strong>esset</strong></span> <span class='ocrx_word' id='word_1_439' title='bbox 2338 4172 2662 4223; x_wconf 83' lang='lat' dir='ltr'><strong>aCbaldaieo</strong></span> 
     </span>
     <span class='ocr_line' id='line_1_80' title="bbox 1607 4249 2662 4316; baseline -0.001 -16"><span class='ocrx_word' id='word_1_440' title='bbox 1607 4253 1704 4313; x_wconf 82' lang='lat' dir='ltr'><strong>ber,</strong></span> <span class='ocrx_word' id='word_1_441' title='bbox 1727 4256 1933 4316; x_wconf 86' lang='lat' dir='ltr'><strong>puteus,</strong></span> <span class='ocrx_word' id='word_1_442' title='bbox 1960 4256 2014 4300; x_wconf 83' lang='lat' dir='ltr'><strong>et</strong></span> <span class='ocrx_word' id='word_1_443' title='bbox 2036 4249 2175 4307; x_wconf 63' lang='lat' dir='ltr'><strong>«aar,</strong></span> <span class='ocrx_word' id='word_1_444' title='bbox 2206 4249 2369 4301; x_wconf 85' lang='lat' dir='ltr'><strong>lacus.</strong></span> <span class='ocrx_word' id='word_1_445' title='bbox 2437 4250 2572 4301; x_wconf 84' lang='lat' dir='ltr'><strong>Nam</strong></span> <span class='ocrx_word' id='word_1_446' title='bbox 2605 4256 2662 4300; x_wconf 89' lang='lat' dir='ltr'><strong>et</strong></span> 
     </span>
    </p>
   </div>
  </div>
 </body>
</html>
