3020 4853
475 369 571 416 ΒΕ
620 365 1030 415 VEB-EORUM
1078 363 1701 414 stamch'rtoNE
1751 365 1895 412 [ΑΒ.
1943 364 2101 413 xiv.

2257 349 2381 414 617

222 507 748 577 Postliminium²
768 519 791 546 ⁰
837 514 1194 594 receptum,
1239 507 1478 574 Gallus
1516 507 1760 586 AEliuS,
1803 509 1874 572 in
1913 507 2087 573 libro
2137 507 2387 591 [Fns‘r.

303 616 513 698 primo
543 611 1121 697 significationum,
1149 630 1304 695 quae
1333 610 1422 679 ad
1440 609 1560 696 jus
1577 610 1935 694 pertinent,
1954 611 2048 676 ait
2066 628 2219 675 esse
2236 629 2387 675 eum

302 718 416 801 qui
460 715 652 793 liber,
683 706 773 780 σι’
811 733 948 800 qua
992 714 1265 780 civitate
1296 715 1367 778 in
1394 714 1602 778 aliam
1632 713 1975 779 civitatem
2018 713 2292 790 abierat,
2323 714 2388 776 in

298 818 571 885 eandem
620 818 959 884 civitatem
1010 816 1185 884 redit
1238 836 1324 880 eo
1360 815 1540 901 jure,
1597 816 1777 901 quod
1821 816 2255 882 constitutum
2285 828 2393 885 est

299 923 381 988 (ιο
404 921 855 1007 postliminiis.

943 920 1117 985 Item
1159 920 1278 1004 qui
1326 939 1558 986 servus
1582 927 1601 966 ³
1653 939 1698 984 a
1741 918 1938 985 nobis
1989 919 2060 983 in
2100 918 2390 983 bostium

296 1030 694 1109 potestatem
716 1023 1036 1109 pervenit,
1063 1028 1306 1107 postea
1334 1023 1420 1088 ad
1449 1042 1573 1088 nos
1604 1022 1797 1103 redit,
1825 1022 1894 1086 in
1921 1021 2067 1106 ejus
2091 1027 2391 1105 potesta—

296 1136 447 1206 tem,
477 1127 671 1212 cujus
697 1133 892 1194 antea
920 1126 1062 1207 fuit,
1093 1128 1245 1212 jure
1274 1126 1706 1212 postliminii:
1751 1125 1932 1210 equi,
1974 1131 2045 1189 et
2072 1122 2292 1202 mulli,
2322 1131 2392 1187 et

1401 1313 1459 1333 00

273 1452 304 1497 2
337 1447 429 1497 Vir
450 1447 592 1500 doct.
617 1448 670 1499 iu
695 1464 858 1515 marg.
883 1449 968 1501 ed.
989 1449 1125 1500 Scal.
1144 1448 1569 1503 Postliminio&
1604 1450 1724 1500 vet.
1757 1448 1873 1499 cod.
1915 1448 2124 1511 Itemque
2154 1427 2328 1498 serm.

1201 1666 1251 1716 N
1256 1665 1412 1718 01·AE

270 1815 292 1841 θ
326 1810 696 1876 Paulinianum]
754 1811 952 1863 Glossae
974 1826 991 1860 ε
1034 1810 1050 1838 ‘
1068 1810 1257 1862 Postli-

212 1883 613 1946 memoraveras:
663 1887 865 1936 Falsum
888 1895 988 1949 est,
1011 1887 1145 1952 quod
1173 1902 1259 1937 ve-

212 1962 473 2012 tustissimi
495 1962 860 2015 suri-consulti
884 1962 1182 2028 prodidere,
1204 1963 1257 2013 in

209 2038 407 2088 nomine
431 2039 449 2067 ‘
469 2038 860 2089 Postliminium’
893 2040 1121 2103 spectari
1145 2047 1258 2090 tan·

211 2120 313 2163 tum
338 2116 760 2178 prepositionem
798 2116 814 2143 ‘
834 2116 987 2181 post:
1011 2117 1259 2183 reliquum

210 2192 560 2254 productionis
626 2210 739 2246 esse
822 2196 1059 2261 caudam,
1130 2197 1260 2247 limi-

210 2268 359 2319 nium.
426 2272 563 2321 Nam
609 2273 978 2336 postliminium
1010 2280 1153 2324 recte
1193 2287 1262 2323 ex

212 2346 374 2396 Latini
415 2350 664 2399 sermonis
692 2350 1027 2415 proportione
1069 2348 1262 2400 dicitur

208 2420 239 2481 ἦ
280 2422 527 2484 ἐπάνοδος.
567 2433 624 2476 ut
646 2435 827 2478 contra
877 2426 1189 2491 Eliminium‚
1227 2425 1261 2487 ἡ

210 2498 375 2561 ἔξοδος.
442 2503 754 2554 Postliminii
771 2505 861 2569 jus
890 2511 948 2555 et
985 2505 1168 2570 religio
1189 2519 1257 2554 ex

208 2576 594 2629 Atheniensium
625 2579 859 2644 fontibus
892 2580 1175 2638 derivatur,
1197 2588 1257 2631 nt

208 2654 449 2722 pleraque.
488 2657 833 2708 Romanorum
873 2658 997 2709 alia.
1056 2659 1256 2709 Eodem

199 2731 316 2794 jure
353 2733 495 2799 apud
530 2734 789 2785 Romanos
811 2741 976 2792 erant,
997 2734 1083 2800 qui
1121 2741 1258 2799 post-

207 2808 396 2859 liminio
432 2810 500 2860 ab
555 2809 785 2861 hostibus
845 2810 1260 2870 revertebantur,

205 2898 304 2947 quo
326 2886 464 2950 apud
489 2885 829 2936 Athenienses
854 2888 905 2942 ii,
936 2887 1021 2952 qui
1043 2886 1259 2951 Rem-epd-

202 2977 386 3025 ποτμοι,
422 2960 503 3012 καὶ
535 2961 907 3035 ὕει”ι-ερόπυννμιη,Δ
934 2964 1261 3016 dicebantur.

208 3039 418 3091 Romani
453 3042 702 3093 nolebant
723 3058 856 3098 eum.
896 3045 978 3094 cui
1013 3050 1257 3109 tanquam

205 3127 399 3168 mortuo
436 3120 584 3184 justa
625 3118 864 3170 funerum
904 3119 1046 3171 facta
1086 3128 1256 3185 erant,

202 3194 440 3246 reducem
464 3197 622 3246 limen
660 3196 917 3261 insistere,
942 3198 1063 3263 quia
1082 3197 1258 3248 funes-

204 3270 299 3320 tari
317 3287 380 3322 eo
415 3273 688 3337 putabant,
728 3281 831 3324 tam
874 3275 1028 3325 limen
1062 3283 1256 3327 utrum·

205 3362 301 3411 que
322 3355 380 3398 et
400 3364 664 3414 superum,
686 3358 739 3400 et
758 3349 997 3414 inferum,
1016 3352 1059 3401 si
1078 3367 1108 3402 a
1124 3367 1255 3402 mor-

202 3429 291 3473 tuo
310 3426 615 3481 calcaretur,
638 3441 788 3491 quam
811 3434 866 3477 et
889 3426 1143 3479 hominem
1178 3430 1256 3493 ip-

204 3514 328 3550 sum.
394 3503 529 3552 Nam
555 3512 610 3552 et
644 3502 908 3552 mortuiin
939 3504 1113 3555 limine
1151 3507 1256 3555 coi-

202 3575 524 3638 locabautur,
545 3577 682 3642 quod
699 3576 900 3628 Graecis
915 3578 1125 3642 dicitur,
1143 3578 1256 3644 πρό·

203 3656 323 3703 οισι,
344 3655 526 3718 νεκροῦ.
595 3653 796 3705 Iccirco
829 3662 970 3707 tecto
993 3656 1257 3719 perforato

202 3730 252 3779 iu
263 3729 401 3779 aedes
414 3730 798 3786 admittebatur,
808 3746 873 3781 ne
886 3718 1165 3783 ominosum
1182 3748 1260 3783 es·

205 3812 300 3869 set,
315 3808 387 3858 illi
409 3822 503 3871 pei·
517 3808 728 3872 januam
760 3808 978 3873 ingredi,
993 3823 1089 3871 per
1105 3824 1256 3873 qnam

204 3893 446 3953 tanquam
467 3889 633 3938 elatus
651 3895 783 3939 erat.
850 3887 1003 3941 Quod
1026 3888 1162 3938 enim
1183 3888 1257 3937 illi

195 3964 336 4026 justa
356 3963 497 4014 facta
519 3972 682 4021 erant,
703 3966 770 4014 ob
794 3964 845 4014 id
885 3973 1124 4031 tanquam
1157 3967 1255 4015 ela-

205 4047 287 4089 tus
305 4040 618 4105 tingebatur.
662 4041 1005 4092 Athenienses
1020 4056 1125 4098 eos,
1140 4043 1254 4107 qui-

206 4115 299 4165 bus
340 4117 643 4168 absentibus
688 4118 837 4168 funus
873 4118 1068 4170 factum
1121 4127 1257 4183 erat,

206 4206 302 4243 non
326 4197 467 4258 prius
490 4197 629 4244 aedes
667 4196 866 4260 ingredi
906 4196 1258 4260 patiebantur,

207 4284 355 4334 quam
390 4286 486 4336 per
519 4271 685 4322 sinum
718 4272 851 4323 laxae
887 4272 1034 4322 stoiae
1077 4273 1260 4324 mulier

1338 1827 1455 1864 eum
1477 1812 1797 1869 demitteret.
1828 1817 2071 1874 tauquam
2104 1806 2274 1857 denuo
2312 1819 2393 1855 re·

1338 1890 1479 1940 nasci
1502 1890 1796 1940 videretur„
1839 1886 1993 1938 Unde
2016 1881 2392 1948 δευτερόποτμοι,

1335 1969 1433 2020 boc
1452 1975 1554 2030 est,
1570 1967 1924 2032 δειπφσγσηῖε.
1946 1963 2127 2025 πότμος
2149 1964 2302 2020 enim,
2322 1959 2396 2010 fa·

1340 2053 1451 2098 tum
1478 2047 1759 2099 nascentis.
1824 2045 1928 2099 Qui
1964 2047 2099 2094 enim
2135 2040 2295 2091 semel
2328 2051 2395 2088 ex

1341 2123 1540 2173 aedibus
1575 2124 1698 2174 elati
1737 2129 1872 2179 sunt,
1910 2133 2170 2185 nunquam
2211 2121 2412 2181 postea.

1341 2214 1428 2251 eas
1461 2191 1841 2265 ingrediuntur.
1905 2197 2037 2248 Inde
2078 2195 2295 2256 factum,
2335 2198 2397 2241 nt

1341 2289 1471 2341 quos
1507 2283 1736 2327 mortuos
1775 2279 2105 2339 putaverant,
2142 2275 2233 2320 aut
2267 2281 2397 2333 quos

1341 2365 1598 2416 nunquam
1644 2351 1899 2403 redituros
1934 2348 2232 2412 sperabunt,
2275 2357 2395 2393 cum

1340 2435 1750 2490 reverterentur,
1770 2441 1836 2477 ex
1852 2441 1975 2476 orco
1989 2438 2079 2473 eos
2092 2420 2303 2471 rediisse
2316 2418 2396 2469 di-

1339 2513 1536 2556 cerent.
1570 2503 1957 2556 Artemidorus:
1981 2499 2069 2549 τὸν
2087 2496 2212 2562 παρὰ
2243 2512 2391 2560 προσ-

1336 2581 1495 2631 δοκίαν
1515 2579 1726 2631 σωθέντα
1744 2576 1899 2643 φαμὲν
1920 2577 1969 2640 ἔξ
2000 2574 2120 2642 ᾅδου
2159 2573 2396 2632 ἂναβθβη·

1337 2658 1484 2709 κέναι.
1553 2657 1805 2721 Apuleius
1827 2654 1917 2706 lib.
1940 2668 2018 2704 ιιι.
2065 2653 2083 2680 ‘
2109 2649 2396 2702 Confestim

1339 2735 1565 2799 deniqne
1594 2733 1874 2784 familiares
1911 2744 1972 2781 ac
2002 2728 2248 2791 vernula,
2285 2725 2396 2791 qui·

1339 2825 1441 2875 que
1461 2811 1586 2861 mihi
1609 2808 1841 2875 proximo
1872 2822 2006 2857 nexu
2027 2803 2287 2868 sanguinis
2308 2815 2395 2851 co-

1340 2887 1627 2946 haerebant,
1663 2888 1805 2936 luctu
1849 2884 2107 2947 deposito,
2140 2894 2292 2946 quem
2327 2877 2396 2928 de

1340 2978 1470 3014 rneae
1491 2963 1673 3013 mortis
1691 2960 1819 3011 salso
1836 2959 2022 3010 nuncio
2039 2961 2398 3021 susceperant,

1339 3042 1616 3107 repentino
1652 3040 1814 3090 laetati
1837 3035 2042 3102 gaudio,
2080 3034 2221 3083 varie
2255 3031 2394 3098 quis-

1337 3134 1436 3183 que
1457 3117 1848 3172 munerabundi,
1864 3115 1928 3165 ad
1951 3127 2119 3164 menni
2144 3110 2400 3161 festinant

1339 3195 1479 3245 illico
1514 3194 1790 3254 diutinum,
1830 3192 2176 3255 reducemque
2212 3187 2279 3239 ab
2314 3187 2390 3237 iu·

1335 3271 1460 3322 feris
1484 3269 1856 3336 conspectum,’
1878 3269 1965 3335 qui
1989 3268 2132 3318 locus
2154 3266 2308 3329 plane
2330 3263 2394 3314 ad

1335 3351 1471 3400 hunc
1497 3363 1690 3400 morem
1714 3347 1902 3399 allusit.
1932 3348 2038 3396 Jos.
2061 3344 2189 3393 Scal-

1404 3428 1755 3478 Posth'minium
1794 3422 2056 3487 receptam]
2094 3423 2110 3448 ‘
2131 3418 2392 3470 Postlimi-

1336 3505 1475 3555 nium
1498 3510 1579 3553 est
1599 3519 1630 3554 a
1651 3503 1824 3552 limine
1845 3508 1901 3550 et
1923 3506 2071 3563 post3
2107 3494 2244 3544 unde
2275 3507 2394 3543 eum

1337 3583 1424 3648 qui
1444 3581 1510 3632 ab
1532 3579 1764 3630 hostibus
1779 3582 1962 3640 captus
1985 3574 2035 3621 in
2049 3572 2179 3620 tines
2192 3575 2395 3619 nostros

1337 3666 1523 3723 postea
1563 3654 1821 3720 pervenit,
1856 3646 2165 3715 postliminio
2221 3656 2392 3693 rever·

1337 3750 1450 3785 sum
1472 3741 1617 3783 recte
1639 3731 1875 3780 dicimus.
1909 3726 2043 3774 Nam
2065 3722 2239 3771 limina
2260 3720 2397 3769 sicut

1341 3814 1391 3863 in
1412 3809 1650 3861 domibus
1680 3807 1833 3857 tinem
1876 3800 2130 3868 quendam
2174 3798 2390 3857 faciunt,

1340 3889 1415 3939 sic
1436 3894 1492 3937 et
1514 3885 1716 3949 imperii
1737 3882 1891 3932 finem
1920 3879 2073 3928 limen
2096 3890 2207 3926 esse
2238 3875 2397 3924 Vete-

1338 3979 1419 4016 res
1441 3962 1736 4014 voluerunt.
1803 3957 1942 4007 Hinc
1964 3960 2019 4005 et
2041 3954 2195 4003 limen
2219 3951 2391 4002 dictus

1337 4048 1438 4103 est,
1458 4038 1604 4105 quasi
1639 4036 1758 4086 finis
1794 4031 1999 4099 quidam
2033 4038 2088 4080 et
2130 4029 2391 4080 terminus.

1337 4116 1421 4168 Ab
1445 4130 1508 4164 eo
1532 4111 1898 4178 postliminium
1918 4107 2132 4162 dictum,
2164 4106 2282 4171 quia
2304 4118 2392 4153 eo·

1339 4194 1453 4243 dem
1478 4191 1651 4240 limine
1692 4185 2068 4240 revertebatur,
2106 4196 2207 4248 quo
2243 4182 2393 4231 auiis·

1341 4285 1425 4321 sus
1443 4266 1654 4320 fuerat.'
1716 4265 1848 4316 Haec
1868 4262 2143 4316 Justiuian.
2176 4261 2301 4312 Duc.
