3020 4853
648 377 744 425 DE
793 376 1206 427 vRRnonM
1256 376 1869 427 smmFch'rloNB
1920 375 2065 423 [ΑΒ.
2111 377 2219 425 111.

2397 361 2522 428 153

338 521 879 589 CnAncrmctm
904 532 925 560 ⁰
955 544 1165 607 genus
1206 523 1504 604 aedificii,
1536 526 1621 589 ab
1651 524 1815 589 urbe
1846 522 2166 589 Chalcida
2188 522 2213 562 ⁸
2245 524 2519 590 dietum.

336 623 615 691 Chaosd
665 629 961 711 appellat
1006 628 1351 694 Hesiodus
1396 628 1747 694 confusam
1805 626 2147 713 quandam
2196 629 2283 692 ab
2332 628 2519 694 initio

424 731 751 795 unitatem
776 732 1087 810 hiantem,
1112 737 1580 817 petentemque
1615 733 1681 797 in
1732 730 2173 818 profundum:
2226 750 2312 795 ex
2341 750 2420 795 eo
2452 737 2520 796 et

416 830 642 916 χαίνειν
689 833 942 913 Graeci,
989 842 1060 899 et
1105 855 1229 900 nos
1272 834 1459 901 hiare
1504 835 1805 901 dicimus.
1895 834 2095 900 Unde
2144 834 2361 900 Janus
2406 832 2522 898 de-

426 942 641 1001 tracta
682 939 1091 1022 aspiratione
1133 940 1537 1016 nominatur,
1573 939 1732 1005 ideo
1776 937 1954 1022 quod
1993 938 2188 1002 suerit
2224 938 2516 1002 omnium

422 1040 700 1122 primus,
729 1042 834 1105 cui
867 1042 1078 1125 primo
1109 1043 1582 1126 supplicabant
1601 1050 1623 1078 ⁸
1657 1043 1835 1106 velut
1877 1034 2186 1125 parenti,f
2212 1045 2281 1104 et
2308 1059 2350 1104 a
2379 1059 2515 1123 quo

421 1161 642 1207 rerum
671 1144 973 1209 omnium
1000 1144 1252 1209 factum
1283 1145 1608 1229 putabant
1635 1146 1922 1209 initium.

331 1243 533 1309 Chilo
554 1254 578 1291 ⁸
610 1247 847 1312 dicitur
881 1252 1320 1330 cognomento
1345 1268 1387 1313 a
1418 1248 1873 1331 magnitudine
1901 1248 2250 1312 labrorum.
2339 1245 2515 1324 cilo,

421 1349 565 1413 sine
618 1350 1048 1435 aspiratione,
1091 1352 1200 1415 cui
1229 1351 1402 1415 frons
1455 1360 1559 1417 est
1589 1352 2008 1429 eminentior,
2042 1370 2123 1416 ac
2154 1351 2391 1416 dextra
2421 1349 2514 1413 si-

419 1452 764 1537 nistraque
795 1454 1006 1519 veluti
1027 1463 1055 1505 ⁹
1086 1455 1302 1519 recisa
1323 1454 1602 1519 videtur.

330 1552 710 1634 Choenica,'¹
735 1576 1061 1624 mensurae
1095 1576 1327 1641 genus.

1246 1721 1331 1740 OOC
1338 1719 1606 1741 ‘N‘moo

398 1852 432 1897 8
466 1847 561 1898 Ed.
587 1848 717 1900 Scal.
743 1849 1131 1900 Chalcidica—9
1164 1849 1359 1902 Eadem
1384 1852 1481 1903 Ed.
1503 1853 1644 1902 velut.

1312 2017 1526 2071 NOTAE
1560 2053 1563 2056 -

391 2158 415 2185 θ
444 2150 784 2217 Chalcidicam]
818 2152 1021 2205 vitruv.
1057 2152 1148 2205 lib.
1168 2168 1223 2204 v.
1260 2169 1308 2205 e.
1332 2159 1379 2204 1.

322 2228 342 2255 ‘
376 2228 471 2278 Sin
517 2234 689 2278 antem
733 2229 873 2279 locus
923 2232 1025 2280 erit
1068 2231 1286 2294 amplior
1326 2232 1378 2280 in

321 2306 720 2372 longitudinem,
759 2307 1041 2358 chalcidica
1063 2309 1111 2357 in
1136 2309 1379 2359 extremis

321 2384 750 2436 constituantur!
829 2385 1016 2439 Isidor.
1064 2388 1082 2416 ⁴
1123 2387 1379 2439 Chalcidi-

323 2478 446 2514 cum
485 2464 610 2514 foris
649 2464 1134 2529 deambulatorium,
1163 2467 1298 2533 quod
1323 2477 1380 2519 et

324 2542 615 2607 peribolum
639 2542 831 2593 dieitur
861 2550 916 2593 et
938 2542 1161 2594 iterum?
1225 2544 1375 2596 Idem

320 2619 464 2685 quod
502 2621 802 2670 Maniam.
890 2621 1028 2672 Galli
1065 2629 1251 2674 vocant
1283 2623 1381 2674 bal-

276 2703 281 2704 ’
318 2713 429 2748 eoa.
496 2697 633 2747 Vide
654 2699 983 2752 ‘Maeniana’
1014 2701 1164 2750 Idem.

385 2775 411 2809 ‘¹
450 2776 627 2841 Chaos]
660 2778 852 2827 Vastus
871 2785 923 2827 et
946 2776 1189 2828 confusus
1207 2777 1379 2830 hiatus

323 2853 394 2904 ab
416 2853 560 2903 initio
596 2861 802 2904 creatus
827 2870 842 2904 ε
885 2854 1101 2905 Hesiod.
1126 2855 1264 2906 Ἤτοι
1291 2855 1379 2917 μὲν

318 2930 569 2994 πράτιστα
586 2929 708 2994 χαλε
725 2929 963 2993 ’γένη-’.η’
984 2933 1143 2984 Certe
1171 2934 1376 2999 quidem

320 3007 477 3057 initio
520 3008 673 3057 cbaos
706 3017 937 3059 creatum
971 3009 1089 3060 est!
1152 3014 1169 3040 ⁸
1193 3012 1377 3062 Unita-

321 3091 430 3135 tem
465 3083 728 3146 hiantem‚’
765 3094 920 3137 vocat
957 3088 1142 3138 Festus
1179 3089 1244 3139 de
1278 3106 1379 3156 qua

321 3161 483 3213 Ovid.
508 3163 637 3214 Met.
662 3175 699 3212 r.
726 3162 905 3214 ‘Unus
942 3173 1056 3216 erat
1091 3171 1203 3216 toto
1230 3176 1379 3218 natu-

320 3254 394 3290 rae
442 3240 611 3290 vultus
656 3241 708 3290 iu
765 3241 910 3300 orbe,
976 3242 1142 3295 Quem
1198 3241 1379 3296 dixere

316 3318 511 3371 cbaos)
560 3321 630 3371 Et
650 3333 712 3370 n.
736 3319 802 3371 de
827 3327 965 3370 arte:
990 3321 1239 3386 ‘Unaque
1262 3331 1378 3375 erat

317 3398 509 3460 faeieS,
550 3397 735 3462 sidera,
783 3406 939 3456 terra,
983 3397 1209 3450 fretum!
1296 3401 1376 3452 Ex

314 3477 409 3527 illo
432 3475 665 3541 Euripid.
703 3475 755 3526 in
779 3476 1080 3541 Menalippa
1106 3493 1119 3526 ε
1151 3476 1213 3528 '0
1235 3477 1274 3526 δ’
1298 3477 1377 3527 οὗ·

316 3553 459 3619 par&
479 3572 537 3603 τε
557 3552 675 3615 ’γαῖά
710 3554 756 3603 τ’
786 3550 847 3612 ἣν
873 3554 1030 3618 μορφὴ
1050 3553 1151 3616 μία.
1217 3556 1234 3584 ⁸
1261 3552 1376 3605 Coe·

313 3636 423 3683 lum
450 3641 505 3684 et
531 3643 667 3684 terra
689 3640 802 3684 erat
827 3648 926 3682 una
946 3632 1143 3683 facies!
1195 3631 1239 3684 Α
1262 3634 1376 3683 chao

317 3712 500 3763 Graeci
529 3711 726 3775 χαίνειν,
760 3720 815 3762 et
849 3725 941 3760 nos
975 3711 1107 3761 hiare
1143 3710 1377 3775 dicimus,

315 3791 460 3842 unde
482 3798 540 3841 et
562 3790 774 3852 Hianua,
802 3788 1035 3839 detracta
1066 3788 1377 3853 aspiratione

312 3871 493 3931 ἄφευε,
509 3868 584 3918 sic
597 3867 766 3917 dictus
785 3865 920 3930 quod
937 3865 1129 3929 primus
1143 3866 1376 3916 Deorum

314 3950 413 4008 sit,
435 3954 489 3996 et
511 3961 581 3996 ex
604 3959 668 3993 eo
690 3944 931 4005 omnium,
958 3943 1116 3993 veluti
1140 3958 1204 3993 ex
1229 3945 1376 4004 chao,

314 4024 543 4075 ducatur
565 4022 785 4072 initium.
810 4021 959 4069 Idem.

384 4108 408 4134 θ
462 4100 557 4150 Cui
593 4099 797 4163 primum
840 4096 1189 4161 supplicabant]
1255 4098 1373 4147 Ma·

317 4180 462 4232 crob.
489 4177 579 4229 lib.
603 4191 641 4228 r.
662 4178 767 4226 Sat.
788 4189 905 4238 cap.
928 4178 976 4224 9.
1009 4176 1026 4204 ⁸
1050 4175 1238 4226 Janum
1262 4174 1372 4242 qui·

316 4258 437 4307 dem
486 4256 647 4305 solem
682 4251 1021 4302 demonstrari
1067 4252 1246 4301 volunt
1283 4285 1296 4301 .
1319 4284 1333 4300 .
1359 4287 1372 4300 .

318 4335 405 4402 qui
443 4332 688 4385 exoriens
720 4329 924 4394 aperiat
955 4327 1112 4393 diem,
1135 4327 1376 4400 oceidens

1461 2152 1712 2214 claudat3
1756 2150 2087 2216 invocatique
2142 2149 2359 2215 primum
2396 2164 2512 2201 enm

1461 2230 1618 2281 alicui
1644 2231 1760 2281 Deo
1794 2244 1876 2280 res
1912 2229 2086 2278 divina
2119 2228 2432 2289 celebratur,
2454 2235 2514 2277 ut

1458 2323 1552 2373 per
1574 2323 1689 2359 eum
1726 2313 1904 2372 pateat
1946 2306 2010 2356 ad
2046 2306 2186 2355 illum
2209 2306 2395 2367 Deum,
2430 2305 2514 2354 cui

1456 2384 1766 2451 immolatur,
1813 2397 2080 2435 accessus:
2136 2382 2279 2445 quasi
2332 2394 2514 2445 preces

1460 2462 1752 2527 supplicum
1776 2475 1870 2527 per
1899 2468 2076 2524 portas
2110 2474 2227 2508 suaa
2276 2458 2339 2508 ad
2376 2459 2514 2508 Deos

1458 2539 1574 2604 ipse
1589 2536 1939 2590 transmittat!
1975 2535 2121 2587 Idem
2141 2535 2296 2585 Ovid.
2319 2549 2359 2583 ι.
2375 2535 2515 2585 Fast.

1458 2617 1612 2668 Idem.

1523 2691 1544 2728 ¹
1576 2694 1716 2746 Velut
1744 2689 1957 2758 parenti]
2005 2691 2137 2742 Ideo
2171 2697 2225 2741 et
2259 2695 2394 2753 pater
2423 2687 2514 2738 ad-

1456 2770 1687 2824 debant:
1718 2773 1868 2824 Jann
1907 2772 2112 2822 Pam.
2151 2768 2292 2831 virg.
2327 2766 2515 2816 Horat.

1454 2853 1555 2901 dte.
1590 2852 1741 2902 Idem.

1517 2936 1547 2973 8
1583 2927 1744 2992 Chilo]
1778 2926 1954 2976 Graeei
1974 2924 2387 2986 interpretantur
2404 2919 2514 2982 *po-

1455 3002 1684 3068 κέφαλον.
1717 3004 1822 3055 Joa.
1845 3002 1974 3053 Smi-

1527 3083 1689 3148 Clu‘lo]
1746 3081 1794 3132 Α
1842 3080 2033 3131 Graeco
2072 3078 2240 3141 χεῖλος
2287 3073 2512 3125 labrum.

1455 3159 1606 3211 Idem
1630 3158 1886 3212 Charisius
1907 3157 1997 3207 lib.
2014 3169 2052 3208 1.
2074 3159 2089 3184 ‘
2111 3155 2318 3206 Cilonea
2335 3151 2516 3202 dicun-

1458 3247 1546 3291 tur
1582 3252 1796 3305 quorum
1830 3236 2004 3300 capita
2037 3234 2258 3296 oblonga
2286 3239 2340 3279 et
2378 3243 2515 3279 corn-

1460 3330 1643 3381 presaa
1685 3322 1824 3365 sunt.
1893 3313 2131 3363 chilones
2180 3316 2353 3359 autem
2397 3320 2514 3355 eum

1456 3398 1773 3465 aspiratione
1791 3409 1852 3446 ex
1875 3394 2085 3454 Graeco,
2097 3407 2127 3440 a
2143 3389 2303 3440 labris
2326 3388 2392 3437 im
2401 3400 2516 3449 pro-

1454 3476 1704 3539 bioribus,
1731 3488 1848 3539 qum
1885 3471 1959 3523 illi
1993 3468 2160 3533 χείλη,
2181 3467 2321 3517 unde
2355 3463 2514 3516 chilo-

1455 3570 1547 3605 nes
1572 3552 1849 3618 improbius
1873 3547 2099 3600 labani?
2134 3547 2257 3597 Dae.

1521 3632 1546 3665 ¹¹
1582 3629 1826 3693 Choeaica]
1877 3626 2052 3688 Χοῖνιξ,
2097 3622 2316 3683 cboenlx,
2363 3617 2516 3668 semi-

1455 3708 1675 3758 modiua.
1726 3700 2094 3756 ‘sextarium'
2138 3699 2280 3750 Gaza
2333 3696 2513 3743 vertit.

1456 3787 1704 3838 Continet
1738 3792 1843 3834 tres
1879 3781 2101 3845 cotylae,
2122 3785 2178 3826 ut
2202 3776 2275 3823 ait
2304 3772 2513 3822 Pollux.

1456 3863 1645 3927 Cotyla
1667 3867 1837 3911 autem
1872 3856 2108 3908 continet
2129 3850 2310 3902 uneiaa
2345 3847 2514 3898 trede-

1455 3940 1556 3990 cim
1579 3947 1636 3990 et
1666 3936 1948 3987 dimidiam.
2014 3931 2232 3982 Cboenix
2268 3941 2392 3991 ergo
2426 3940 2512 3975 ea-

1456 4017 1535 4082 pit
1556 4016 1714 4066 libras
1739 4024 1844 4063 tres
1862 4019 1916 4062 et
1945 4011 2119 4061 uncias
2147 4014 2368 4072 quatuor
2391 4018 2512 4052 cum

1454 4092 1684 4143 dimidia.
1737 4092 1753 4118 ⁴
1777 4089 2111 4138 Demensum’
2147 4080 2392 4134 Terentio
2430 4080 2512 4128 di·

1453 4171 1608 4232 citur,
1631 4166 1765 4233 quod
1788 4164 2002 4229 singulis
2036 4160 2220 4213 diebus
2242 4157 2398 4208 servia
2421 4155 2509 4204 da-

1452 4251 1611 4302 batur
1633 4249 1682 4298 iu
1706 4246 1897 4308 cibum,
1922 4242 2057 4294 unde
2088 4250 2142 4293 et
2167 4234 2506 4305 ἡμεροτροφίον

1456 4326 1655 4380 Gracia
1678 4322 1889 4376 dicitur.
1913 4321 2061 4372 Idem.
