3020 4853
583 363 678 410 DE
728 364 1136 413 vssnuoRUM
1189 368 1802 422 smmchTmNss
1853 380 1991 427 [AB.
2042 383 2138 429 vl.

2320 366 2445 434 261

367 504 548 569 circa
576 509 843 592 templa.
932 511 1099 577 Sunt
1146 523 1368 579 autem
1421 520 1536 601 qui
1581 527 1820 604 putant
1864 522 2151 589 favissas
2192 546 2344 593 esse
2378 530 2447 594 in

367 605 702 690 Capitolio
753 613 942 677 cellis
994 616 1426 702 cisternisque
1477 620 1751 703 simileS,
1806 625 1920 689 ubi
1986 630 2214 711 reponi
2267 638 2449 697 erant

364 709 560 775 solita
587 732 691 788 ea,
721 733 871 798 quae
901 717 966 780 in
1001 720 1246 803 templo
1281 730 1614 790 vetustate
1643 736 1828 792 erant
1869 728 2052 794 facta
2080 732 2361 798 inutilia.

282 808 670 879 Faustulum
689 824 715 852 ⁰
745 820 1130 901 porcellum,
1162 823 1445 891 feturam
1470 848 1847 912 porcorum.

281 910 828 984 Faunusmusv
879 926 1124 989 mensis
1174 926 1422 1007 dictus,
1472 931 1656 1015 quod
1697 938 1856 1009 tum,
1897 932 1968 996 id
1996 941 2115 1013 est,
2143 945 2445 1003 extremo

360 1039 586 1083 mense
635 1025 786 1088 anni
834 1026 1126 1108 populus
1173 1027 1612 1110 februaretur,
1665 1033 1733 1099 id
1765 1042 1890 1112 est,
1927 1037 2320 1119 lustraretur,
2365 1061 2447 1106 ac

360 1131 777 1205 purgaretur:
822 1128 929 1193 vel
962 1150 1003 1196 a
1030 1129 1076 1196 J
1080 1150 1295 1196 unone
1317 1134 1642 1213 februata,
1674 1158 1873 1222 quam
1906 1139 2020 1203 alii
2062 1140 2446 1220 februalem,

359 1222 650 1291 Romani
681 1228 978 1294 februlim
1006 1242 1285 1300 vocant:
1339 1238 1517 1320 quod
1550 1240 1685 1323 ipsi
1726 1260 1807 1304 eo
1844 1261 2073 1306 meuse
2111 1264 2305 1309 sacra
2334 1246 2450 1310 fie-

360 1325 541 1404 bant,
587 1328 866 1414 ejusque
911 1334 1092 1399 feriae
1145 1347 1332 1402 erant
1374 1341 1758 1424 lupercalia,
1805 1364 1941 1428 quo
1988 1344 2097 1409 die
2143 1347 2448 1412 mulieres

356 1426 823 1497 februabantur
852 1454 891 1498 a
921 1436 1209 1520 lupercis
1242 1442 1526 1507 amiculo
1551 1444 1859 1523 sunonis,
1882 1446 1947 1511 id
1979 1456 2102 1526 est,
2133 1450 2308 1531 pelle
2338 1471 2449 1515 ca·

356 1531 589 1614 priua:
621 1554 815 1618 quam
848 1539 936 1602 ob
980 1560 1256 1607 causam
1289 1545 1348 1609 is
1380 1566 1641 1631 quoque
1672 1548 1818 1611 dies
1847 1549 2186 1614 februatus
2219 1555 2449 1637 appel-

355 1632 645 1698 labatur.
734 1636 1194 1730 Quaecumque
1225 1648 1508 1733 denique
1531 1651 1946 1735 purgamenti
1976 1672 2183 1718 causa
2212 1654 2277 1717 in
2297 1658 2447 1740 qui-

352 1737 612 1821 busque
636 1742 980 1808 sacrificiis
1002 1747 1412 1831 adhibentur,
1432 1753 1660 1819 februa
1680 1754 2112 1840 appellantur.
2159 1756 2241 1821 Id
2267 1778 2447 1837 vero,

354 1839 529 1924 quod
565 1852 903 1926 purgatur,
935 1847 1176 1916 dicitur
1198 1853 1593 1920 februatum.

1250 2011 1464 2064 NOTAE

272 2098 365 2153 set,
409 2095 577 2156 prima
621 2099 671 2147 in
696 2101 882 2161 sarissa
926 2105 1317 2172 produceretur,

270 2182 410 2232 quam
422 2176 678 2238 corripuit
692 2178 862 2229 Caesar
873 2181 1128 2246 Scaliger:
1155 2185 1169 2211 ‘
1182 2186 1313 2238 Quae

269 2255 471 2307 possunt
493 2251 566 2301 de
587 2252 862 2307 Socraticis
886 2260 1054 2309 exisse
1077 2259 1317 2312 favisaisss

268 2321 442 2389 Neque
466 2327 822 2391 priussavissoe
844 2335 908 2384 de
935 2336 1311 2397 thesauris,-sed

267 2395 328 2448 de
374 2405 552 2466 puteis
576 2412 630 2456 et
656 2420 800 2473 aquae
839 2412 1078 2462 cisternis
1115 2413 1310 2464 dictum

267 2482 361 2538 est,
384 2482 565 2544 utjam
590 2499 761 2548 snpra.
829 2487 915 2537 De
940 2486 1143 2539 favissis
1164 2491 1317 2554 Capi-

168 2625 182 2638 ·
267 2553 370 2604 tolii
392 2556 611 2621 insignis
635 2560 775 2611 locus
796 2563 1059 2627 Varronis,
1082 2568 1165 2630 qui
1198 2567 1343 2630 Ser-⁴

266 2628 344 2677 vio
380 2633 604 2697 Sulpitio
642 2640 861 2701 roganti,
884 2640 1004 2705 quid
1046 2642 1096 2690 in
1126 2644 1315 2694 Censo-

264 2705 346 2755 riis
382 2708 526 2760 libris
571 2712 922 2777 significarent
945 2719 1148 2778 savissae
1174 2722 1315 2785 Cupi·

260 2781 425 2848 mliuoe,
469 2791 765 2853 rescripsit,
801 2791 885 2841 ‘in
932 2797 1178 2846 memoria
1221 2797 1316 2847 sibl

263 2871 365 2907 esse
405 2864 548 2927 quod
587 2865 814 2917 Quintus
856 2869 1070 2919 Catulus
1109 2881 1318 2924 curator

265 2938 564 2992 restituendi
596 2943 840 3008 Capitolii
875 2948 1106 3012 dixisset,
1133 2951 1314 2999 voluis·

262 3025 314 3064 se
346 3033 397 3066 se
432 3035 605 3070 aream
632 3023 976 3086 Capitolinam
1003 3025 1316 3092 deprimere,

265 3099 318 3142 ut
352 3095 584 3157 pluribus
627 3101 867 3162 gradibus
904 3102 955 3151 iu
991 3103 1152 3153 aedem
1189 3120 1311 3154 con-

262 3175 608 3240 scenderetur,
631 3189 1002 3247 suggestusque
1039 3199 1132 3247 pro
1167 3184 1311 3235 fasti-

265 3251 331 3313 gii
355 3255 701 3318 magnitudine
737 3259 884 3307 altior
919 3259 1087 3322 fleret,
1113 3262 1199 3311 sed
1234 3261 1310 3311 fa-

266 3339 374 3378 eere
408 3330 456 3379 id
488 3347 589 3382 non
627 3335 812 3398 quisse,
835 3338 1070 3401 quoniam
1110 3337 1307 3388 favissae

262 3399 627 3467 impedissent!
652 3410 774 3460 Duc.

321 3487 343 3512 ⁰
377 3483 677 3550 Faustulum]
744 3489 1080 3541 Faustitatem
1144 3494 1306 3543 Deam

265 3558 493 3612 colebant
515 3564 734 3614 Veteres
760 3581 855 3630 pro
875 3569 1193 3620 incremento
1218 3586 1305 3634 pe·

264 3637 417 3687 coris:
470 3648 550 3701 ut,
585 3640 601 3666 ‘
626 3643 676 3689 Si
712 3641 897 3693 foetura
935 3660 1145 3711 gregem
1187 3639 1307 3711 sup·

262 3709 519 3771 pleveritz'
555 3725 832 3782 propterea
862 3719 876 3746 ‘
900 3721 1084 3770 almam
1107 3722 1307 3772 Fausti-

266 3790 442 3839 tatem'
462 3803 613 3845 vocat
636 3795 899 3848 Horatius.
921 3799 1027 3847 Jos.
1049 3799 1177 3849 Scal.

324 3866 624 3934 faustulum]
659 3872 700 3921 Α
729 3870 937 3935 foetura,
960 3890 1074 3940 quae
1101 3877 1308 3941 proprie

211 4013 215 4016 Ι
260 3938 505 3996 faustitas.
561 3949 712 3998 Unde
735 3959 790 3999 et
805 3949 1121 4002 faustitatem
1142 3953 1304 4004 Deam

260 4019 491 4072 colebant
513 4026 754 4084 Veteres,
791 4027 978 4077 Horat.
1001 4027 1108 4080 od.
1143 4035 1192 4080 5.
1217 4030 1305 4079 lib.

261 4107 336 4218 ἓν.
367 4103 380 4125 “
408 4100 587 4150 Nutrit
611 4117 727 4152 rura
750 4104 912 4153 Ceres
933 4113 986 4154 et
1010 4108 1146 4156 alma
1169 4104 1305 4158 fans-

305 4172 414 4222 tas!

260 4245 381 4297 mire.
430 4249 665 4317 depinxit
720 4254 995 4308 Horatius:
1052 4258 1302 4310 'Fertilis

1396 2109 1601 2175 frugum
1638 2114 1937 2179 pecorisque
1964 2115 2112 2163 tellus
2146 2113 2333 2178 Spicea
2358 2111 2448 2163 do-

1396 2199 1482 2238 net
1524 2191 1767 2240 Cererem
1812 2205 2027 2249 corona;
2067 2190 2315 2239 Nutriant
2353 2188 2444 2238 1·oe-

1397 2271 1476 2311 tus
1498 2272 1554 2314 et
1575 2280 1720 2330 aquae
1756 2266 1985 2315 salubres
2018 2265 2083 2314 Et
2106 2263 2253 2328 Jovis
2277 2264 2450 2313 auraess

1395 2339 1519 2389 Dae.

1458 2425 1484 2460 Ρ
1526 2418 1828 2481 Februarius]
1871 2417 1963 2469 Ait
2001 2416 2138 2467 diem
2182 2416 2446 2479 Luperca-

1392 2493 1459 2545 lia
1483 2511 1513 2545 a
1531 2496 1813 2546 Veteribus
1850 2496 2137 2546 Fabi-uatum
2160 2494 2331 2543 vocari
2366 2507 2446 2542 so·

1392 2573 1559 2624 litum.
1644 2573 1843 2622 Varro:
1902 2570 2247 2634 ‘Lupercalia
2286 2568 2448 2630 dicta,

1394 2650 1529 2715 quod
1556 2651 1605 2699 iu
1631 2649 1903 2712 Lupercali
1940 2649 2160 2712 Luperci
2194 2661 2343 2696 sacra
2368 2643 2444 2693 fa·

1394 2728 1552 2778 ciant.
1626 2730 1755 2785 Rex,
1801 2743 1914 2796 cnm
1958 2724 2112 2775 ferias
2156 2732 2444 2773 menstruas

1398 2803 1564 2854 Nonis
1600 2803 1889 2854 Februariis
1923 2801 2103 2862 edicit,
2138 2800 2274 2849 bunc
2308 2799 2445 2847 diem

1396 2880 1707 2930 Febr-uatum
1734 2876 1996 2943 appellat!
2016 2878 2120 2926 Jos.
2139 2875 2268 2926 Scae.

1462 2956 1753 3006 Februarius
1772 2953 1969 3016 morsis]
2000 2952 2172 3000 Varro
2194 2950 2283 2998 lib.
2310 2963 2358 2999 v.
2378 2947 2445 2997 de

1395 3032 1539 3084 L-L.
1596 3035 1613 3062 ‘
1641 3033 1751 3082 Rex
1795 3046 1910 3081 cum
1955 3027 2113 3079 ferias
2158 3035 2446 3076 menstruas

1394 3109 1559 3159 Nonis
1598 3107 1886 3158 Februariis
1923 3104 2101 3160 edicit,
2137 3104 2270 3151 hunc
2308 3101 2444 3150 diem

1392 3185 1704 3235 Februatum
1748 3183 1993 3247 appellat.
2061 3180 2319 3230 Februum
2358 3180 2446 3227 Sa-

1392 3262 1497 3312 bini
1548 3268 1959 3327 purgamentum,
1999 3267 2053 3310 et
2097 3260 2147 3308 in
2192 3260 2240 3308 id
2287 3260 2444 3309 sacris

1392 3342 1576 3388 nostris
1612 3340 1844 3402 verbum,
1877 3353 1993 3386 nam
2034 3344 2088 3385 et
2124 3336 2446 3399 Lupercalia,

1391 3413 1690 3478 Februatio,
1724 3423 1782 3464 ut
1816 3416 1869 3464 in
1904 3413 2270 3478 antiquitatum
2303 3412 2445 3461 libris

1390 3489 1771 3542 demonstravi!
1807 3492 1872 3541 Et
1891 3492 2041 3555 paulo
2056 3498 2204 3554 postz
2241 3496 2254 3517 ⁴
2280 3490 2445 3545 Prior,

1389 3584 1420 3620 a
1457 3569 1704 3631 Principe
1736 3567 2184 3630 Jano,Januarius
2204 3567 2444 3630 appella-

1391 3649 1504 3696 tus:
1543 3643 1817 3708 posterior,
1832 3652 1887 3692 ut
1911 3642 2062 3692 iidem
2083 3642 2262 3692 dicunt
2285 3643 2447 3706 scrip-

1390 3728 1554 3783 tores,
1575 3720 1640 3770 ab
1667 3720 1791 3769 Deis
1815 3717 1994 3768 inferis
2025 3718 2334 3768 Februarius
2356 3733 2447 3783 ap-

1390 3799 1633 3862 pellatus,
1673 3795 1810 3860 quod
1859 3803 1965 3845 tum
2007 3795 2082 3844 his
2124 3805 2443 3859 parentetur.
2538 3857 2543 3862 ὀ

1389 3876 1500 3937 Ego
1526 3873 1685 3936 magis
1708 3872 1929 3922 arbitror
1953 3871 2290 3923 Februarium
2313 3889 2342 3922 a
2360 3872 2443 3922 die

1389 3949 1650 4015 februato,
1672 3949 1806 4014 quod
1837 3957 1944 3997 tum
1969 3946 2240 3998 februatur
2284 3965 2444 4012 popu-

1388 4028 1484 4086 lus,
1517 4026 1567 4077 id
1606 4033 1706 4089 est,
1741 4026 1964 4089 lupercis
2003 4025 2155 4076 nudis
2195 4026 2443 4076 lustratur

1387 4106 1654 4169 antiquum
1687 4102 1931 4167 oppidum
1975 4102 2251 4167 Palatium,
2279 4104 2443 4166 gregi-

480 4176 632 4227 Hauc
656 4178 705 4226 in
728 4181 961 4230 saeculari
978 4184 1205 4233 carmine
1230 4184 1302 4235 sic
1383 4182 1476 4231 bus
1509 4179 1775 4229 cinctum!
1827 4181 1910 4228 De.
1932 4177 2124 4229 februis
2150 4181 2262 4230 vide
2287 4179 2445 4231 Ovid.

1380 4259 1470 4311 lib.
1494 4270 1557 4310 n.
1590 4257 1730 4309 Fast.
1755 4257 1922 4307 initio.
1959 4256 2082 4307 Dae.
