3020 4853
470 394 567 442 1)ss
615 392 1025 443 VERBORUM
1076 390 1694 441 SIGlecA'rloNB
1748 391 1895 442 LIB.
1947 391 2112 441 XIV·

2262 377 2391 444 591

227 538 585 606 Piacularia
612 536 1028 624 appellabant
1054 537 1350 621 auspicia,
1391 535 1464 600 id
1504 546 1617 617 est,
1643 536 1943 623 sacraficia
1987 560 2098 601 an·
2144 538 2402 623 [Fsssr.

299 645 466 730 iiqua
498 640 797 727 loquendi
827 639 1280 718 consuetudine,
1312 662 1446 704 cum
1490 651 1603 704 aut
1646 640 1845 706 hostia
1886 639 1966 705 ab
1998 662 2111 706 ara
2141 639 2397 729 effugit,

300 755 413 813 aut
442 768 731 832 percussa
773 745 1078 832 mugitum
1129 744 1317 823 dedit,
1367 757 1476 809 aut
1523 745 1589 808 in
1633 742 1828 809 aliam
1871 767 2055 832 quam
2100 748 2399 832 oportuit

301 862 540 936 partem
570 850 835 935 corporis
863 848 1112 914 decidit.

219 955 580 1021 Piacularis
603 954 838 1020 Romae
866 955 1093 1039 portat
1122 952 1501 1037 appellatur
1543 960 1809 1038 propter
1851 953 2073 1038 aliqua
2102 954 2399 1037 piacula,

298 1079 443 1142 quae
474 1058 716 1123 ibidem
748 1057 1030 1122 fiebant:
1077 1057 1206 1135 vel,
1239 1064 1316 1120 ut
1343 1056 1438 1121 ait
1467 1055 1820 1136 cloatius,⁷
1855 1077 2007 1122 cum
2037 1077 2126 1121 ex
2155 1078 2352 1123 sacro
2372 1058 2396 1095 ⁸

299 1182 412 1252 per
453 1162 746 1247 aliquem
792 1161 1065 1244 piaculo
1114 1161 1423 1239 solvitur,
1457 1170 1533 1227 ut
1584 1161 1879 1245 aliqua9'
1903 1161 2137 1246 piandi
2177 1163 2400 1246 propi·

296 1265 626 1349 tiandique
654 1284 866 1330 causa
893 1265 1297 1329 immolatur.

217 1368 585 1436 Piacularis
626 1374 816 1454 porta
859 1366 1102 1433 Romae
1149 1368 1332 1433 dicta
1357 1375 1626 1453 propter
1657 1369 1886 1453 aliqua
1914 1370 2058 1453 pia—
2126 1369 2400 1456 [PAun.

298 1473 469 1551 cula,
499 1493 655 1557 quae
685 1472 938 1537 ibidem
966 1471 1236 1537 fiebant.

217 1574 439 1641 Piari¹¹
472 1596 615 1654 eos»,
647 1574 859 1640 veluti
889 1576 1161 1658 proprio
1201 1576 1429 1651 verbu,
1475 1576 1569 1640 ait
1607 1574 1920 1655 Verrius»,
1969 1576 2086 1662 qui
2143 1577 2402 1663 [Fsssv.

293 1699 530 1763 parum
575 1679 710 1744 sint
765 1679 1066 1757 animati,
1111 1698 1262 1744 cum
1306 1680 1550 1743 mentis
1594 1699 1735 1745 suae
1780 1701 1909 1747 non
1960 1681 2120 1759 sint,
2172 1688 2237 1746 et
2281 1700 2406 1765 per

291 1783 600 1866 quaedam
628 1783 837 1848 verba
866 1782 1225 1846 liberantur
1260 1781 1713 1847 incommodo.

216 1882 475 1952 Piatrix
494 1893 522 1920 ¹
553 1885 901 1951 dicebatur
923 1883 1254 1961 sacerdOS,
1286 1904 1438 1966 quae
1470 1884 1741 1968 expiare
1767 1891 1909 1950 erat
1941 1886 2169 1965 solita,
2199 1906 2404 1971 quam

293 1989 567 2073 quidam
610 1989 1112 2066 simulatricem,
1159 1986 1279 2051 alii
1325 2006 1583 2068 sagam,
1632 1985 1751 2052 alii
1794 1989 2235 2073 expiatricem
2286 2008 2408 2055 vo·

296 2099 493 2157 cant:
539 2096 608 2156 et
632 2092 969 2177 piamenta
1010 2091 1209 2155 etiam
1240 2087 1656 2166 dicebantur,
1687 2092 1928 2174 quibus
1960 2093 2029 2157 in
2061 2093 2403 2178 expiando

293 2197 523 2260 utitur.

203 2282 474 2364 *Piatrix
506 2297 854 2365 dicebatur
883 2296 1223 2374 sacerdos’„
1251 2314 1407 2380 quae
1430 2298 1706 2382 expiare
1724 2303 1863 2363 erat
1883 2298 2105 2376 solita,
2131 2297 2325 2381 [PAu
2343 2316 2407 2362 ι..

292 2421 492 2486 quam
524 2401 641 2468 alii
669 2421 900 2485 sagam
929 2400 1291 2466 vocabant.

1379 2400 1734 2466 Piamenta
1777 2420 2043 2486 quoque
2088 2401 2407 2467 diceban-

291 2509 416 2586 tur,
447 2505 702 2591 quibus
731 2505 1086 2571 utebantur
1113 2505 1179 2569 in
1202 2503 1566 2588 expiando.

1124 2703 1183 2723 Ν
1188 2704 1485 2725 OOOOOOOOOO

270 2840 300 2885 7
330 2838 452 2888 vet.
470 2837 560 2888 lib.
588 2837 957 2887 Cluentium—8
989 2835 1083 2886 Vir
1122 2836 1262 2888 doct.
1302 2837 1358 2887 in
1389 2851 1554 2902 marg.
1593 2836 1676 2887 ed.
1705 2836 1842 2888 Scal.
1878 2836 2013 2902 conj.
2051 2851 2157 2888 cum
2185 2836 2409 2897 sacto.—

205 2905 237 2950 9
269 2901 394 2953 Vet.
418 2904 512 2956 lib.
533 2903 755 2964 alicujus.
823 2902 960 2953 Vide
986 2903 1115 2954 Not.

1201 3110 1415 3162 NOTAE

210 3241 404 3292 turim!
435 3243 690 3293 Just-al.

272 3321 579 3385 piacularia]
631 3324 648 3350 ‘
686 3321 844 3385 Fugit
893 3335 1009 3371 cum
1065 3320 1271 3372 saucius

209 3412 349 3447 aram
383 3400 611 3461 Taurus,
655 3408 710 3448 et
756 3400 1004 3449 incertam
1046 3401 1272 3450 excussit

207 3473 414 3524 cervice
439 3476 664 3525 securim
684 3474 718 3524 :'
750 3475 898 3538 virg.
939 3476 1129 3525 Hostia
1153 3491 1273 3526 vero

203 3567 318 3616 quae
344 3551 628 3617 effugerat,
651 3550 834 3616 effugia
856 3551 1016 3602 dicta.
1063 3552 1275 3602 Servius

207 3630 272 3679 ad
316 3630 447 3680 illud
494 3642 558 3679 11.
604 3628 804 3679 AEneid.
832 3629 849 3657 ‘
882 3628 946 3678 ad
987 3643 1162 3693 poenas
1206 3629 1273 3679 ob

204 3716 383 3757 nostra
423 3711 711 3769 reposcunt
749 3703 990 3768 Effugia?
1056 3713 1071 3735 ⁴
1095 3704 1274 3756 Verbo

202 3782 512 3844 sacrorum?
530 3782 716 3847 inquit,
736 3783 752 3810 ‘
769 3781 903 3832 etad
922 3797 1125 3832 caucam
1147 3791 1273 3846 apto

200 3874 322 3909 usus
367 3867 472 3914 est,
518 3873 634 3908 narn
671 3858 855 3913 hostia.
896 3873 1011 3922 quae
1050 3858 1114 3908 ad
1156 3873 1272 3909 aras

200 3934 435 3987 adducta
459 3943 548 3985 ent
571 3934 895 3998 immolanda,
918 3935 962 3984 si
992 3949 1117 3985 casu
1142 3931 1270 3983 effu-

202 4019 373 4075 geret,
396 4009 598 4075 effugia
618 4010 792 4062 vocari
814 4011 978 4060 veteri
1010 4025 1150 4061 more
1189 4025 1270 4060 ιο-

200 4087 309 4137 let·'
345 4089 478 4137 Dae.

262 4166 281 4195 ⁸
313 4162 600 4213 piacularis
632 4163 794 4213 Rom
823 4166 983 4229 porta]
1020 4166 1170 4219 Quod
1204 4166 1267 4216 ad

198 4254 314 4289 eam
339 4238 686 4304 purgationes
710 4247 766 4291 et
786 4241 1035 4292 sacrificia
1064 4242 1268 4300 tierent,

198 4330 317 4379 quae
335 4317 538 4381 piacula
560 4315 886 4369 dicebantur.
932 4319 1136 4376 Clonii,
1161 4321 1268 4373 sive

1353 3243 1598 3305 Cluentii,
1620 3243 1779 3294 verba
1801 3249 2051 3310 corrupta
2075 3247 2212 3293 sunt.
2278 3242 2412 3293 Ten·

1353 3319 1556 3370 tabam:
1581 3336 1686 3371 eum
1706 3322 1908 3381 casneto
1926 3335 2014 3385 per
2034 3320 2234 3384 aliquem
2252 3321 2411 3383 pineu-

1352 3399 1398 3447 lo
1416 3398 1634 3458 solvitur,
1651 3401 1809 3448 velud
1829 3414 1933 3448 eam
1956 3399 2123 3464 piandi
2150 3397 2415 3462 propitian-

1352 3476 1492 3538 dique
1509 3490 1652 3524 causa
1671 3476 1960 3526 immolatur.
1990 3475 2156 3525 Idem.

1419 3559 1442 3584 ¹·
1477 3551 1643 3614 Pian‘]
1693 3552 1868 3602 Gloss.
1921 3553 1937 3579 ‘
1963 3552 2141 3613 Piare,
2186 3546 2412 3610 ἆγνίζειν,

1351 3629 1601 3692 καθαίρειν,
1626 3627 1987 3691 ἑξιλάσκεσθαι.’
2020 3628 2174 3676 Idem.

1417 3713 1443 3739 ¹
1478 3706 1704 3769 Piutrix]
1742 3707 1907 3758 Quam
1932 3702 2064 3752 infra
2101 3699 2413 3751 ‘simulatri-

1353 3781 1498 3832 cem'
1529 3790 1701 3843 vocat,
1736 3796 1849 3830 eam
1884 3779 2063 3829 eodem
2096 3791 2248 3827 sensu
2282 3777 2297 3804 ‘
2322 3776 2410 3826 fic·

1353 3858 1561 3909 tricem’
1588 3859 1794 3909 vocavit
1813 3857 2161 3909 Tertullianus
2182 3857 2248 3905 de
2270 3870 2413 3906 carn.

1354 3941 1637 3984 resurrect.
1735 3935 1825 3984 Sic
1892 3941 2065 3982 autem
2121 3932 2413 3996 dicebatur,

1354 4011 1491 4078 quod
1518 4025 1601 4073 ea,
1635 4024 1750 4074 quae
1790 4011 1841 4059 in
1878 4011 2039 4060 sacris
2063 4009 2165 4061 auis
2186 4023 2308 4060 vera
2331 4023 2413 4058 re·

1350 4088 1653 4154 praesenrari
1679 4101 1780 4136 non
1813 4093 2076 4150 poterant,
2098 4086 2222 4138 ficta
2256 4095 2310 4136 et
2346 4086 2411 4135 si-

1349 4167 1543 4216 mulata
1568 4164 1857 4217 adhiberet.
1922 4165 2070 4229 Virg.
2102 4168 2116 4192 ‘
2135 4165 2413 4228 Sparserat

1349 4252 1406 4293 et
1446 4242 1630 4291 latices
1673 4242 1941 4292 simulato·
1979 4240 2140 4292 fontis
2178 4239 2411 4291 Averni.’

1348 4322 1435 4372 De
1467 4334 1570 4385 quo
1605 4319 1755 4385 plura
1785 4320 1923 4386 apud
1944 4318 2275 4371 Theocritum
2297 4330 2412 4368 no·-
