3020 4853
472 390 569 438 DE
615 385 1029 438 VERBORUM
1076 377 1693 435 sicmchTtoNE
1743 383 1881 432 mn.
1930 383 2091 432 xw.

2262 369 2389 436 681

219 532 418 610 Puri,⁰
446 532 658 615 probi,
689 530 974 615 profani,
1007 530 1119 596 sui
1169 531 1312 596 auri
1338 529 1579 596 dic-itur
1613 528 1689 595 -in
1738 529 2258 595 manumissione
2286 548 2396 594 sa-

298 654 553 699 crorum
604 653 839 712 causa,
896 652 998 698 ex·
1038 633 1286 718 quibus
1336 634 1489 718 puri
1544 632 1890 718 significat,
1920 632 2104 718 quod
2154 633 2223 699 in
2267 651 2410 700 usu»

308 756 551 820 spurco
577 744 632 786 ¹4
673 757 811 803 non
847 737 1096 804 fuerit:
1140 738 1359 821 probi,
1388 737 1571 823 quod
1619 744 1798 803 recte
1843 742 2219 814 excoctum,
2248 754 2401 820 pur-

297 846 650 925 gatumque
700 841 826 905 sit:
854 840 1161 925 -profaui,
1208 841 1397 925 quod
1454 860 1720 906 sacrum
1763 859 1895 904 non
1938 840 2052 919 sit,
2096 846 2166 903 et
2212 837 2397 923 quod

301 943 478 1007 omni
506 943 818 1028 religione
847 945 1141 1010 solutum
1181 945 1312 1010 sit:

1131 1124 1333 1147 Oea-eece

282 1212 341 1258 11
376 1208 499 1261 Vet.
518 1208 633 1260 cod.
652 1224 810 1274 porco.

1374 945 1500 1024 sui,
1534 944 1715 1029 quod
1745 944 2032 1009 alienum
2060 960 2196 1008 uon
2226 941 2340 1008 sit.

1339 1128 1486 1148 ‘0000

1212 1359 1425 1412 NOTAE

216 1459 273 1503 tu
312 1460 433 1504 ante
475 1453 591 1503 vivo
633 1452 962 1518 perfunderis
1013 1455 1223 1509 flumine
1248 1459 1267 1507 ?
1346 1460 1442 1510 hoe
1464 1464 1571 1522 est,
1591 1472 1797 1509 nummo
1825 1456 2064 1508 sestertio
2095 1454 2225 1506 dicis
2251 1469 2410 1505 causa

214 1530 400 1582 Infima
423 1532 555 1581 valle
580 1530 1050 1596 praefluit-Tiberis.
1130 1536 1271 1587 Reli·
1350 1542 1433 1586 ter
1454 1541 1693 1600 accepto,
1720 1543 1775 1586 et
1809 1549 1982 1585 rursus
2007 1532 2234 1595 reddito,
2255 1533 2405 1583 bere·

213 1609 364 1671 gioue
408 1615 583 1658 tactus
625 1609 831 1675 hospes,
869 1612 956 1676 qni
991 1612 1177 1676 omnia,
1214 1620 1275 1665 ut

215 1684 451 1750 prodigio
476 1686 817 1750 responderet
847 1695 1085 1753 eventus,
1118 1703 1276 1754 cupe-

214 1768 297 1813 ret
341 1764 442 1813 rite
480 1761 641 1826 facta,
679 1778 743 1814 ex
780 1764 976 1828 templo
1004 1765 1280 1816 descendit

214 1837 276 1887 ad
319 1837 573 1888 Tiberim.
638 1838 850 1888 Interea
886 1839 1145 1889 Romanus
1184 1840 1280 1890 lm·

209 1914 377 1967 molat
399 1915 592 1966 Dianae
610 1913 831 1965 bovem.'
892 1916 1026 1967 Vide
1053 1917 1164 1968 Liv.
1190 1918 1225 1967 l.
1240 1931 1281 1968 1.

214 1998 349 2045 sect.
366 1996 455 2043 46.
482 1993 638 2043 Ideni.

276 2079 301 2105 ¹¹
336 2070 497 2135 Puri]
544 2071 857 2123 manumissio
876 2073 960 2123 liic
984 2072 1179 2123 dictum
1203 2079 1284 2125 est

211 2162 309 2212 pro
331 2145 683 2198 liberatione:
733 2157 794 2200 ut
821 2149 1013 2200 dicitur
1044 2150 1286 2201 liberatio

213 2223 358 2274 nexi.
433 2222 539 2273 Est
578 2229 750 2274 autem
804 2227 1149 2285 manumissio,
1193 2242 1288 2278 seu

206 2298 463 2350 liberatio
491 2313 750 2349 sacrorum
772 2314 1085 2366 causa,unus
1098 2318 1164 2354 ex
1188 2304 1288 2354 illis

211 2376 403 2434 modis,
435 2375 630 2443 quibus
666 2374 991 2429 liberabatur
1014 2379 1179 2437 lieres,
1204 2377 1292 2444 qui

211 2456 445 2519 accepta
468 2453 767 2505 hereditate
790 2462 1000 2506 tenetur
1034 2457 1195 2508 sacris
1216 2457 1293 2507 fa-

209 2532 395 2582 miliae.
472 2531 673 2581 Notum
706 2533 843 2583 euim
876 2541 959 2585 est
981 2534 1145 2584 veteri
1171 2534 1297 2598 jure

212 2609 517 2660 Pontificio
540 2609 814 2668 contineri,
839 2617 900 2660 nt
921 2624 1069 2661 sacra
1092 2611 1299 2676 privata

213 2690 630 2742 conserventur,
685 2698 747 2736 sc
791 2685 1040 2751 deinceps
1090 2685 1298 2738 familiis

213 2761 559 2824 prodantur:
597 2775 663 2811 ex
694 2776 797 2828 quo
818 2762 1132 2827 institutum,
1151 2772 1211 2815 ut
1233 2779 1300 2816 ne

191 2844 391 2888 ‘morte
434 2837 606 2902 patris
649 2837 869 2889 familias
902 2854 1162 2892 sacrorum
1196 2857 1300 2893 me·

210 2916 388 2977 moria
429 2915 728 2978 occideret,
768 2916 863 2967 sed
901 2917 962 2968 iis
1002 2925 1177 2970 essent
1212 2917 1301 2971 ad·

201 2994 421 3059 juncta,
447 2993 518 3043 ad
544 3007 675 3059 quos
702 2992 933 3059 ejusdem
955 3003 1122 3046 morte
1144 3010 1302 3061 pecu·

210 3070 305 3121 nia
332 3071 596 3121 venisset.
655 3070 827 3136 Igitur
850 3073 1129 3138 praestigioe
1152 3088 1305 3124 exeo·

212 3148 433 3213 gitatae,
443 3146 640 3214 qulbus
661 3145 834 3205 fucus,
848 3155 906 3198 ut
918 3149 993 3199 ita
1008 3149 1306 3215 dicsm‚legi

215 3221 399 3274 fieret.
471 3221 774 3274 Introducti
813 3223 949 3273 euim
995 3230 1119 3275 sunt
1149 3225 1308 3289 modi,

209 3302 417 3364 quibus
440 3314 600 3351 sacra
620 3300 1019 3364 perimerentur.
1053 3301 1117 3351 Id
1136 3309 1307 3353 autem

211 3377 390 3429 fiebat
408 3384 512 3429 aut
532 3379 947 3443 emancipatione
966 3394 1059 3444 per
1077 3395 1150 3429 ies
1168 3389 1223 3431 et
1249 3380 1310 3430 li-

215 3458 396 3515 bram,
420 3455 669 3507 adhibito
681 3454 992 3521 libripeude,
1011 3471 1126 3521 qum
1140 3455 1224 3507 liic
1236 3456 1313 3506 di·

209 3527 363 3587 citur
374 3532 724 3584 manumissio
740 3546 1002 3582 sacrorum
1018 3547 1204 3583 causa:
1231 3532 1317 3582 Ci-

213 3628 348 3664 cero
377 3626 450 3662 n.
491 3609 564 3659 de
593 3609 829 3674 legibus:
868 3616 883 3638 ⁸
904 3609 1201 3662 Quinetiam
1232 3625 1318 3660 ca·

209 3697 369 3749 vent,
387 3698 452 3740 ut
473 3688 566 3740 cui
579 3689 693 3752 plus
708 3689 936 3753 legatum
948 3689 1033 3752 sit,
1046 3703 1196 3753 qnam
1206 3688 1318 3739 sine

215 3770 503 3833 religione
537 3779 727 3830 capere
766 3764 944 3830 liceat,
975 3765 1017 3814 is
1053 3779 1148 3829 per
1171 3779 1243 3814 ωε
1262 3771 1320 3814 et

210 3846 418 3899 libram
480 3842 707 3893 heredes
760 3841 1061 3892 testamenti
1108 3840 1315 3892 solvat:

212 3933 543 3990 propterea
583 3919 720 3985 quod
754 3932 819 3969 eo
859 3919 976 3981 loeo
1014 3932 1095 3968 res
1130 3922 1211 3968 est
1244 3915 1321 3966 ita

215 4004 414 4053 soluta
455 3996 780 4057 hereditate,
820 3995 971 4061 quasi
1008 4010 1073 4045 ea
1104 3993 1322 4060 pecunia

212 4083 418 4144 legata
468 4088 583 4124 non
629 4080 769 4123 esset
796 4070 829 4121 ι’
882 4079 972 4122 sut
1013 4070 1178 4122 fiebat
1221 4070 1321 4121 alio

216 4170 428 4222 genere
470 4149 801 4214 imaginariae
837 4149 1169 4214 venditionis,
1205 4165 1322 4216 quae

216 4231 543 4303 ‘uocabatur
584 4226 860 4290 coemptio,
902 4218 1146 4293 adhibiti}
1190 4226 1313 4292 seni·
1357 4236 1360 4240 ’

186 4301 325 4377 ,Ίιιιι
347 4301 855 4369 co'e‘mptionalibus‘.
879 4303 963 4368 qui
983 4318 1098 4355 asse
1117 4304 1330 4357 Gaiano»

1352 1611 1472 1662 dem
1494 1611 1823 1663 absolverent
1845 1629 1858 1662 :
1885 1611 1935 1662 iu
1959 1627 2022 1662 ea
2044 1626 2136 1676 pro
2159 1610 2380 1660 Murena
2395 1624 2411 1657 ε

1353 1695 1369 1717 ⁸
1388 1687 1552 1739 Sacra
1574 1689 1648 1738 illi
1668 1688 1681 1709 '
1706 1686 1969 1755 (veteres)
1996 1686 2248 1737 ‘interire
2268 1686 2416 1735 nolu·

1356 1776 1547 1819 erunt:
1589 1769 1768 1819 horum
1806 1766 2010 1831 ingenio
2046 1779 2196 1817 senes
2231 1764 2296 1815 ad
2332 1777 2421 1814 co·

1356 1844 1647 1910 emptiones
1669 1843 1931 1897 faciendas
1961 1841 2418 1894 interimendorum

1357 1936 1620 1973 sacrorum
1661 1927 1821 1974 causa
1865 1920 2059 1988 reperti
2099 1917 2274 1970 snut:’
2328 1923 2422 1968 aut

1358 1996 1585 2064 denique
1608 1996 1975 2054 detestatione,
1992 2009 2108 2062 quae
2126 1991 2423 2045 solennibus

1360 2071 1534 2124 verbis
1553 2074 1751 2125 Calatis
1780 2072 2008 2125 comitiis
2040 2069 2425 2124 celebrabatur.

1361 2151 1566 2202 Gellius
1609 2151 1746 2202 libro
1792 2164 1885 2220 ιγ.
1927 2149 2145 2200 ‘iisdem
2186 2146 2428 2202 comitiis,

1368 2242 1484 2293 quae
1508 2229 1695 2278 Calata
1727 2226 1981 2292 appellari
2011 2225 2250 2280 diximus,
2275 2231 2331 2273 et
2354 2237 2434 2272 sa-

1370 2319 1573 2354 crorum
1597 2304 1896 2365 detestatio,
1913 2309 1969 2353 et
1989 2306 2301 2352 testamenta
2315 2297 2432 2347 fieri

1372 2379 1648 2434 solebant!
1713 2382 1890 2437 Quare
1926 2386 1985 2430 et
2017 2377 2229 2430 Servius
2263 2374 2434 2430 Juris·

1374 2461 1639 2511 consultus
1680 2459 1889 2524 scripsit
1931 2457 2115 2508 librum
2160 2455 2227 2506 de
2270 2453 2436 2504 saeris

1374 2536 1723 2600 detestandis,
1745 2536 1833 2587 ubi
1856 2534 1923 2586 de
1950 2536 2072 2600 jure
2095 2538 2434 2585 testamento-

1376 2629 1488 2664 rum
1532 2612 1851 2678 disputabat.
1917 2611 2119 2663 Gellius
2173 2610 2321 2661 libris
2360 2620 2440 2657 vr.

1378 2692 1556 2757 capite
1578 2694 1659 2759 12.
1705 2689 1950 2741 ‘Servius
1985 2687 2240 2753 sulpitius
2271 2685 2441 2738 Juris-

1380 2768 1669 2832 consultus,
1689 2767 1766 2818 vir
1782 2766 1950 2818 aetatis
1967 2779 2074 2816 suae
2092 2761 2442 2818 doctissimus,

1380 2844 1435 2895 in
1477 2844 1612 2895 libro
1654 2843 1721 2893 de
1764 2842 1922 2893 sacris
1961 2838 2306 2901 detestandis,
2341 2849 2445 2902 qua

1352 2926 1353 2929 ’
1383 2921 1582 2972 ratione
1619 2919 1876 2970 adductus
1904 2918 2295 2968 Testamentum
2327 2926 2446 2962 ver-

1383 2996 1505 3046 bum
1540 3010 1653 3046 esse
1693 2995 1886 3059 duplex
1921 2990 2209 3056 scripserit,
2231 3003 2336 3040 non
2364 3002 2448 3038 re-

1387 3071 1568 3139 perio.'
1620 3071 1880 3136 Corrupte
1905 3067 2118 3121 enimin
2141 3066 2316 3119 Gellio
2338 3065 2449 3116 vul·

1388 3164 1454 3214 go
1489 3147 1685 3211 editur,
1727 3148 1781 3197 in
1812 3146 1934 3196 libro
1962 3146 2022 3196 de
2054 3143 2349 3195 tenementis
2375 3156 2451 3194 ss·

1386 3227 1560 3277 cundo.
1626 3223 1708 3275 At·
1724 3239 1805 3288 ea,
1825 3237 1980 3288 quam
2009 3220 2237 3287 reposui,
2259 3227 2340 3270 est
2363 3233 2453 3270 ve·

1389 3308 1561 3353 terum
1582 3315 1884 3352 excusorum
1916 3307 1970 3349 et
1990 3299 2191 3349 calamo
2213 3303 2455 3347 exarato·

1391 3394 1522 3431 rum.
1591 3379 1694 3429 Alii
1740 3382 1890 3430 erant
1934 3377 2091 3427 etiam
2132 3372 2271 3424 modi
2317 3372 2456 3436 peri-

1394 3456 1697 3508 mendorum
1721 3468 2008 3523 sacrorum,
2028 3459 2088 3502 ut
2111 3455 2268 3514 capnt
2291 3446 2456 3511 parti.-

1395 3536 1571 3591 tionis,
1582 3535 1633 3583 in
1648 3530 1968 3585 deducendis
1983 3535 2191 3578 centum
2207 3525 2422 3575 nummis
2438 3541 2454 3575 ε

1395 3613 1463 3663 de
1479 3627 1584 3677 quo
1606 3610 1722 3660 vide
1739 3606 1965 3658 secundo
1979 3604 2046 3654 de
2068 3602 2291 3667 legibus.
2323 3601 2460 3650 Tan·

1401 3694 1508 3738 tum
1553 3701 1617 3736 ea
1655 3699 1753 3748 ego
1793 3681 2033 3748 apposui,
2067 3692 2184 3744 qum
2228 3676 2461 3728 declara·

1400 3770 1539 3824 rent,
1561 3760 1684 3827 quid
1707 3758 2036 3810 manumissio
2050 3769 2314 3806 sacrorum
2337 3768 2459 3806 cau-

1400 3854 1457 3890 sa
1480 3838 1567 3888 hic
1603 3835 1741 3902 apud
1781 3835 2018 3894 Festum,
2039 3830 2165 3897 quid
2205 3831 2331 3880 item
2371 3828 2461 3881 de-

1400 3914 1618 3967 testatio
1642 3925 1923 3963 sacrorum.
1987 3908 2177 3974 Neque
2200 3913 2307 3969 est,
2325 3905 2465 3972 quod

1403 3992 1671 4059 quisquam
1708 3994 1878 4054 putet,
1914 3978 2361 4036 manumissionem
2385 3997 2467 4034 aa·

1404 4083 1611 4121 crorum
1644 4081 1797 4118 causa
1829 4064 1953 4130 dici,
1976 4062 2118 4129 quod
2137 4061 2385 4126 Vestalis,
2409 4068 2467 4111 et

1407 4148 1618 4197 Flamen
1646 4143 1805 4196 Dialis
1842 4141 2023 4193 exibat
2060 4140 2226 4206 patris
2260 4137 2341 4189 sui
2377 4153 2471 4202 po·

1409 4228 1624 4273 testate.
1694 4220 1831 4269 Nam
1856 4218 1893 4269 ii
1916 4217 2090 4268 statim
2113 4217 2225 4266 siue
2244 4212 2469 4265 emanci-

1413 4301 1643 4368 patione,
1685 4312 1746 4348 ac
1785 4295 1975 4361 capitis
2016 4290 2364 4345 deminutione
2402 4288 2469 4338 de
