3020 4853
450 384 537 449 20
1182 385 1262 433 Μ.
1305 380 1576 433 varum
1628 377 1893 428 rnAccr

1394 598 1577 665 LIB.
1607 596 1698 662 V.

543 769 643 835 SA
657 785 799 833 [NA
836 785 925 829 res
945 769 1057 841 est,
1080 757 1225 823 dum
1249 753 1440 820 sallat
1462 771 1660 829 senex,
1686 767 1891 834 quare
1912 743 2190 832 parasiti
2215 736 2551 824 Apollinis
2570 736 2640 803 in

465 894 674 941 scena
715 870 1051 945 dictitent,
1097 881 1378 930 causam
1404 848 1692 924 Verrius
1734 854 1805 918 in
1845 851 2021 917 libro
2059 847 2317 932 quinto,
2360 860 2641 929 quorum

462 980 677 1064 prima
694 979 812 1063 ‘est
854 970 913 1037 P
941 969 1160 1046 litera,
1185 960 1494 1031 reddidit.
1584 956 1783 1038 Quod
1811 953 1890 1020 C.
1921 951 2250 1037 Sulpici0,
2283 946 2364 1013 C.
2395 944 2642 1011 Fulvio

462 1077 895 1154 Consulibus,
938 1076 1058 1139 &c-
1149 1067 1245 1134 At
1281 1067 1352 1131 in
1397 1065 1525 1131 hoc
1571 1062 1747 1128 libro
1791 1058 1988 1124 refert
2031 1053 2243 1121 Sinnii
2290 1047 2646 1134 Capitonis

461 1181 690 1259 verba,
747 1182 869 1244 acc.
959 1175 1182 1257 Quam
1241 1168 1757 1238 inconstantiam
1809 1160 2029 1227 Verrii
2071 1157 2284 1223 nostri
2326 1173 2461 1219 non
2507 1153 2647 1217 sine

466 1285 702 1350 rubore
736 1280 975 1348 retuli.⁸

1364 1392 1548 1459 LIB.
1576 1390 1709 1457 VI.

1196 1654 1598 1725 INCERTI
1646 1650 1940 1720 LIBRI.

555 1851 1153 1914 Banna-umnam
1186 1844 1359 1908 sicut
1396 1838 1924 1923 magnitudinem
1954 1833 2231 1900 Verrius
2278 1826 2485 1917 (alias
2515 1821 2658 1890 Va-

468 1958 610 2034 rus)
636 1952 851 2018 dixit.t
2393 1992 2396 1993 γ

554 2056 915 2140 Impetum,
973 2051 1393 2128 industrium,
1444 2038 1893 2131 indulgentem
1953 2039 2226 2127 perinde
2279 2032 2660 2120 composita

466 2163 563 2228 ait
579 2159 882 2236 Verrius,
909 2163 1116 2240 atque
1138 2155 1454 2239 impunis,
1472 2159 1539 2219 et
1566 2150 1919 2217 immunis:
1951 2145 2113 2219 mihi
2141 2162 2273 2209 non
2305 2139 2475 2206 satis
2506 2154 2661 2221 per-

466 2262 763 2331 suadet-¹¹

558 2364 957 2451 Mamphula
998 2363 1381 2448 appellatur
1424 2360 1620 2446 panis
1668 2355 1930 2442 Syriaci
1957 2370 2187 2439 genus„
2218 2346 2423 2435 qnod,
2463 2348 2537 2407 nt
2564 2341 2664 2407 ait

470 2472 778 2550 Verrius,
808 2473 876 2536 in
905 2470 1173 2535 clibano
1199 2470 1374 2545 ante,
1416 2483 1616 2549 quam
1645 2466 2112 2547 percoquatur,
2143 2451 2398 2519 decidit
2422 2449 2492 2513 in
2519 2464 2665 2512 car-

468 2579 698 2654 bones,
729 2577 1171 2656 cineremque,
1197 2572 1348 2635 &cf

560 2678 782 2743 Mater
813 2675 1108 2755 Matuta,
1155 2691 1416 2750 manee,
1459 2691 1677 2750 mane,
1707 2665 2226 2742 matrimonium,
2257 2654 2667 2726 materfami-

471 2782 607 2860 liae,
665 2783 1043 2856 matertera,
1088 2776 1419 2856 matricae,
1467 2772 1764 2839 materiae
1814 2770 2014 2835 dictae
2063 2766 2399 2841 videntur,
2444 2768 2519 2827 ut
2566 2758 2668 2825 ait

472 2885 777 2963 verrius,
809 2885 971 2968 quia
997 2883 1133 2946 sint
1160 2882 1355 2956 bona,
1384 2880 1548 2942 δια*

561 2988 893 3054 Matronae
924 3004 966 3050 a
988 2982 1488 3067 magistratibus
1516 2998 1649 3045 non
1681 2977 2294 3049 summovebantur,
2313 2974 2433 3036 διο.
2463 2984 2667 3054 quam

476 3095 566 3158 ob
595 3109 871 3156 causam
900 3088 999 3156 ait
1036 3085 1315 3152 Verrius
1359 3105 1552 3171 neque
1586 3102 1799 3148 earum
1825 3080 1989 3145 viros
2019 3078 2329 3145 sedentes
2358 3093 2510 3140 cum
2537 3090 2667 3137 ux·

474 3197 704 3261 oribus
731 3187 803 3257 in
832 3191 1164 3270 vehiculo,
1196 3188 1600 3255 descendere
1620 3193 1904 3252 ρωποι*

563 3295 953 3361 Mendicum
982 3294 1119 3360 dici
1142 3292 1419 3358 Verrius
1445 3297 1638 3376 putat
1666 3310 1709 3356 a
1736 3294 1954 3355 mente
1985 3285 2157 3372 ejus,
2182 3302 2380 3368 quem
2407 3277 2668 3351 fefelle-

475 3400 564 3465 rit
588 3399 903 3464 fortuna:
958 3397 1062 3462 vel
1108 3395 1293 3482 quod
1332 3401 1634 3479 precetur
1663 3410 2018 3479 quemque,
2056 3395 2128 3454 ut
2173 3387 2329 3453 vitae
2357 3403 2502 3451 suae
2531 3401 2668 3449 me·-

476 3503 705 3567 deatur
733 3501 938 3566 cibo.ly

559 3603 1025 3687 Metaphoram
1059 3621 1261 3687 quam
1285 3600 1515 3669 Graeci
1545 3602 1812 3677 vocant,
1837 3614 1965 3662 nos
1992 3593 2435 3671 tralationem,
2453 3588 2523 3655 id
2540 3593 2668 3670 est,

473 3707 673 3773 domo
703 3711 1074 3771 mutuatum
1105 3706 1397 3785 verbum,
1428 3726 1565 3792 quo
1595 3704 1866 3779 utimur,
1894 3697 2128 3782 inquit,
2156 3693 2459 3774 VerriuS,
2487 3695 2608 3758 διο.
2695 3757 2706 3763 ,

556 3809 877 3875 Naucum
908 3809 1004 3873 ait
1032 3805 1276 3874 Ateius
1309 3807 1710 3892 Philologus
1743 3804 1907 3889 poni
1938 3820 2057 3887 pro
2087 3798 2301 3883 nugis,
2329 3799 2452 3863 διο.
2500 3794 2668 3876 Qui-

534 4007 553 4030 ·
587 3999 666 4048 Ex
689 3998 869 4063 Festo,
891 3996 1049 4049 verbo
1074 3996 1230 4046 Salva
1253 4009 1337 4045 res
1361 4001 1462 4046 est.
1674 4002 1707 4027 '¹
1740 3994 1821 4043 Ex
1843 3992 1960 4043 eod.
1979 4031 1990 4038 .

536 4078 551 4107 ¹
584 4076 665 4125 Ex
688 4077 846 4127 Festo
870 4077 951 4128 vel
974 4075 1157 4127 Panlo.
1674 4078 1700 4105 ¹¹
1729 4072 1810 4121 Ex
1832 4072 1990 4122 Festo
2011 4075 2069 4120 et
2090 4068 2275 4119 Paulo.

538 4160 560 4185 ¹¹
600 4151 675 4201 Ex
698 4153 816 4204 eod.
1674 4158 1695 4192 ν
1731 4150 1813 4200 Ex
1834 4148 1950 4200 eod.
1975 4153 2103 4198 utet
2126 4153 2305 4197 cetera
2327 4144 2518 4198 omnia.
2639 4135 2650 4146 ⁴

540 4232 562 4261 'f
596 4228 675 4278 Ex
698 4232 814 4281 eod.
