3020 4853
468 291 553 357 10
1184 305 1494 357 nassau
1546 307 1963 358 ruarmo.

469 473 601 521 ras.
686 454 804 520 Sic
831 452 1082 520 alicubi
1109 472 1217 519 me
1260 454 1505 538 legisse
1554 454 1821 519 memini
1863 452 2140 521 Festum
2169 453 2682 546 interpretatum·

468 578 621 623 esse
650 577 889 624 vocem
911 555 1198 637 Abilam,
1218 567 1480 622 montem
1510 556 1731 623 altum.

558 659 717 728 Hoc
778 682 1047 747 quoque
1106 662 1480 728 monendus
1559 682 1661 742 es,
1729 663 1970 739 lector,
2022 660 2417 727 divisionem
2472 662 2666 728 Festi

473 766 675 832 aliam
701 765 935 833 fuisse.
1024 766 1174 832 Ista
1202 766 1403 845 enim,
1446 774 1528 832 ut
1558 766 1838 851 singulae
1866 765 2080 830 literae
2112 764 2322 831 libros
2363 765 2664 849 singulos

474 869 858 935 contineant
901 868 1063 935 Aldi
1105 878 1234 949 est,
1282 890 1418 936 non
1466 870 1677 950 Festi,
1728 870 1847 956 qui
1892 876 2048 936 ante
2094 869 2170 935 M
2223 871 2502 945 literam,
2520 887 2664 935 xn.

473 973 681 1039 libros
711 974 1018 1040 confecit.
1106 974 1310 1040 Liber
1342 990 1519 1041 xm.
1548 973 1924 1059 incipiebat
1950 975 2016 1039 in
2048 974 2272 1041 medio
2307 973 2524 1040 literae
2559 974 2662 1053 M,

477 1082 632 1143 ante
677 1095 915 1143 vocem
948 1073 1192 1142 Malus.
1305 1077 1474 1143 Inde
1520 1097 1741 1162 usque
1795 1076 1884 1142 ad
1925 1078 2182 1142 literam
2234 1076 2296 1141 Ο
2337 1078 2492 1143 libri
2524 1078 2663 1144 duo

474 1181 1006 1248 continebantur.
1094 1180 1301 1247 Initio
1329 1181 1544 1248 literae
1574 1181 1636 1246 Ο
1669 1181 2045 1266 incipiebat
2093 1181 2265 1246 liber
2295 1197 2461 1248 xvl.
2541 1181 2663 1247 ‘In-

472 1286 600 1352 itio
628 1286 843 1353 literae
878 1284 944 1366 Q
988 1285 1159 1351 liber
1190 1299 1382 1352 xvu.
1474 1285 1556 1351 In
1601 1284 1827 1350 medio
1872 1277 2088 1350 literoe!
2133 1284 2203 1350 R
2228 1285 2398 1351 liber
2429 1301 2658 1350 xvlu.

476 1393 631 1455 ante
679 1409 916 1456 vocem
956 1386 1148 1453 rideo.
1235 1388 1318 1454 In
1357 1387 1583 1453 medio
1624 1389 1837 1455 literae
1870 1388 1918 1453 S
1949 1386 2114 1454 liber
2144 1403 2317 1453 xix.
2339 1394 2517 1481 ‘ante
2545 1408 2662 1454 vo-

480 1513 626 1560 cem
662 1491 937 1580 Scivpus.
1023 1492 1224 1558 Liber
1251 1492 1537 1558 ultimus
1567 1492 1735 1559 duas
1774 1491 2048 1559 ultimas
2095 1493 2329 1560 literas
2367 1492 2665 1577 amplec-

474 1598 743 1664 tebatur
770 1597 834 1662 T
856 1603 926 1663 et
948 1596 1038 1671 V.
1677 1596 1685 1602 ’
2023 1599 2027 1603 ’

558 1699 620 1764 E
648 1699 855 1765 variis
876 1699 1279 1764 lectionibus
1307 1718 1462 1784 quae
1501 1698 1794 1764 omnium
1825 1698 2182 1765 editionum
2212 1700 2534 1784 margines
2563 1700 2664 1764 in·

474 1804 802 1882 sederunt,
853 1802 1005 1869 illas
1056 1796 1311 1868 tantum
1363 1803 1432 1867 in
1478 1809 1680 1869 notas
1725 1802 1928 1889 rejeci
1975 1824 2126 1889 quaa
2164 1804 2329 1869 mihi
2376 1802 2665 1888 alicujus

473 1908 797 1972 momenti
824 1906 994 1972 visae
1025 1910 1197 1971 sunt.
1287 1905 1603 1992 Reliquis
1642 1905 1842 1972 facile
1869 1916 1976 1974 est
2003 1927 2249 1973 carere.
2338 1906 2483 1991 Ego
2506 1927 2665 1973 sane

471 2011 573 2077 ita
601 2029 861 2095 semper
889 2009 1275 2076 existimavi
1306 2010 1640 2076 variarum
1656 2009 2021 2076 lectionum
2043 2011 2666 2096 multiplicationem

466 2115 773 2180 locorum
803 2113 1245 2198 corruptelam
1274 2113 1479 2179 citius
1516 2133 1781 2198 parere,
1831 2134 2032 2199 qnam
2083 2132 2312 2179 eorum
2360 2112 2668 2179 emenda-

473 2219 748 2284 tionem.
836 2215 1101 2293 Habes,
1128 2217 1368 2297 lector,
1401 2218 1647 2303 quibus
1675 2223 1743 2283 te
1782 2216 1916 2282 fere
1948 2216 2284 2284 volebam.
2373 2216 2665 2301 Reliqua

473 2322 703 2387 omnia
729 2321 880 2406 ipse
904 2321 1140 2386 melius
1171 2340 1553 2405 cognosces.
1639 2320 1754 2387 Ita
1801 2327 2018 2387 tamen
2069 2320 2277 2386 velim
2318 2320 2667 2386 existimes

316 2493 329 2502 ,
469 2445 577 2492 me
632 2424 754 2492 tibi
808 2425 1032 2512 potius
1088 2444 1420 2504 exorsam,
1477 2443 1685 2511 quam
1743 2424 2087 2490 detextam
2135 2423 2336 2491 telam
2385 2423 2665 2490 tradere.

354 2601 363 2610 ,
473 2527 704 2609 Quare
724 2548 878 2594 cum
903 2530 974 2594 in
1004 2548 1258 2594 errores
1287 2548 1499 2607 meos,
1529 2527 1728 2594 nimis
1755 2528 2041 2595 fortasse
2060 2529 2333 2607 multos,
2352 2529 2666 2608 incurres,

470 2631 582 2697 fac
609 2632 988 2697 memineris
1015 2651 1123 2696 me
1155 2652 1241 2697 ea
1270 2637 1474 2698 aetate
1505 2631 1652 2698 haec
1682 2632 2038 2716 scripsisse
2067 2651 2207 2718 qua
2231 2631 2432 2697 etiam
2462 2635 2666 2698 errari

474 2754 629 2802 cum
682 2735 1117 2808 excusatione
1169 2735 1394 2820 aliqua
1445 2741 1693 2820 potest.
1780 2736 1860 2801 In
1909 2736 2191 2822 reliquis
2240 2736 2302 2801 si
2346 2736 2666 2805 nonnulla

473 2844 627 2904 sunt
654 2858 805 2923 quae
848 2838 995 2904 tolli
1024 2845 1411 2918 mereantur,
1440 2859 1735 2926 quaeque
1766 2848 1832 2906 te
1862 2839 1969 2906 vel
1997 2838 2288 2905 utilitate
2321 2839 2428 2906 vel
2460 2858 2690 2907 amoe-.

470 2941 682 3007 nitate
711 2959 840 3005 sua
868 2940 1209 3006 delectare
1237 2943 1525 3026 possint,
1551 2944 1650 3009 nil
1672 2944 1993 3028 deprecor
2012 2944 2177 3028 quin
2198 2944 2327 3009 tibi
2344 2945 2667 3011 continuo

471 3045 544 3109 in
575 3044 872 3109 animum
902 3051 1285 3111 succurrat:
1332 3043 1573 3131 Neque
1616 3048 1688 3113 in
1732 3048 1914 3113 bona
1957 3052 2182 3132 segete
2221 3047 2494 3120 nullum.
2514 3065 2664 3115 esse

476 3148 738 3234 spicum
759 3165 1068 3232 nequam,
1096 3166 1308 3237 neque
1335 3148 1406 3214 in
1433 3150 1614 3217 mala
1644 3169 1779 3217 non
1801 3149 2078 3238 aliquod
2108 3151 2380 3218 bonum.
2467 3151 2664 3220 Vale.
