3020 4853
616 360 749 429 226

1291 376 1520 427 sexa-1
1571 375 1882 426 nostran
1934 350 2145 426 rus-rr

705 528 1262 595 adnumerabant:
1307 526 1463 591 hinc
1517 524 1940 591 deducuntur
1981 544 2297 609 expensa,
2349 523 2496 592 sive
2549 526 2798 612 dispen-

701 636 874 709 sata,
926 631 1039 697 vel
1083 636 1556 713 compensata:
1599 630 1759 695 item
1809 628 2303 714 compendium,
2358 628 2797 715 dispendium,

705 733 1198 819 assipnnffinm,
1227 733 1668 818 dupondium.

616 841 1032 924 Dispescere
1051 836 1072 876 f
1095 846 1200 905 est
1225 839 1488 924 proprie
1513 857 1722 924 pecus
1746 857 1788 901 a
1809 838 2115 923 pastione
2144 836 2500 916 deducere,
2527 847 2609 903 ut
2628 858 2799 904 com-

700 964 995 1028 pescere,
1026 963 1162 1010 una
1189 963 1494 1029 pascere,
1520 948 1610 1022 et,
1642 944 1708 1008 in
1729 961 1864 1009 uno
1895 943 2047 1008 loco
2080 942 2440 1008 continere.

616 1047 980 1113 Dissulcus
1002 1056 1029 1095 ⁸
1055 1066 1305 1133 porcus
1333 1045 1599 1125 dicitur,
1631 1067 1782 1113 cum
1810 1048 1880 1112 in
1913 1047 2177 1112 cervice
2206 1053 2387 1112 setas
2418 1046 2685 1112 dividit.

615 1138 973 1230 Distisum,
1002 1158 1068 1217 et
1094 1152 1418 1234 pertisum
1436 1148 1462 1186 ¹²
1512 1150 1850 1231 dicebant,
1899 1151 2083 1234 quod
2123 1169 2302 1215 nunc
2331 1149 2711 1229 distaesum,
2740 1159 2800 1219 et

703 1260 1088 1337 pertaesum.

621 1354 990 1423 Dividiam¹
1020 1354 1443 1422 discordiam.

616 1457 1051 1526 Dividiculak
1105 1460 1365 1545 antiqui
1411 1458 1748 1538 dicebant,
1794 1477 1949 1544 quae
1986 1476 2162 1523 nunc
2203 1464 2355 1524 sunt
2391 1456 2696 1535 castella,
2721 1477 2801 1522 ex

700 1564 945 1648 quibus
974 1582 1018 1628 a
1045 1563 1193 1628 rivo
1224 1563 1551 1628 communi
1600 1582 1844 1647 aquam
1881 1562 2172 1648 quisque
2200 1561 2269 1626 in
2296 1581 2495 1626 suum
2526 1559 2802 1626 fundum

697 1665 906 1754 ducit.

616 1766 857 1833 Dium¹
906 1768 1164 1854 antiqui
1197 1787 1288 1836 ex
1319 1767 1568 1838 Graeco
1600 1768 2062 1855 appellabant,
2091 1773 2162 1834 ut
2195 1785 2238 1833 a
2284 1765 2437 1833 Deo
2468 1774 2711 1845 ortum,
2739 1773 2804 1831 et

1600 1966 1817 2019 NOTAE

612 2096 715 2131 non
726 2079 1097 2133 numerabant:
1125 2081 1217 2132 sed
1235 2081 1534 2148 pendebunt
1549 2096 1665 2147 pas-

611 2160 708 2208 sim
730 2159 782 2207 iu
803 2159 963 2209 sacris
985 2167 1040 2210 et
1065 2159 1292 2225 profanis
1316 2159 1498 2209 literis.
1557 2159 1667 2208 Hu-

601 2237 691 2301 jus
724 2238 882 2286 moris
904 2238 1174 2301 vestigium
1208 2244 1321 2287 erat
1343 2237 1393 2286 in
1427 2236 1541 2287 ede
1575 2236 1667 2287 Ss-

609 2314 748 2362 turni
774 2314 859 2363 ubi
897 2315 1090 2364 trutina
1125 2316 1309 2377 posita.
1376 2315 1543 2364 Varro
1576 2313 1668 2365 lib.

606 2404 685 2442 ιν.
717 2391 734 2418 ‘
763 2391 866 2441 Per
887 2392 1131 2454 trutinum
1155 2393 1284 2443 solvi
1305 2391 1535 2457 solitum,
1554 2403 1667 2442 ves-

606 2469 789 2533 tigium
813 2469 969 2518 etism
994 2483 1130 2519 nnuc
1162 2477 1337 2520 manet
1368 2471 1418 2520 in
1442 2470 1555 2520 aede
1579 2470 1668 2520 Ss-

610 2546 766 2607 turui,
804 2545 938 2610 qnod
983 2560 1046 2595 es
1083 2547 1239 2596 etism
1279 2562 1416 2598 nunc
1452 2553 1669 2612 propter

609 2634 879 2682 pensurum
928 2623 1172 2672 trutinam
1211 2624 1370 2674 lubet
1413 2622 1673 2688 positam!

608 2699 651 2745 Α
676 2697 948 2760 pendendo
971 2700 1127 2763 igitur
1148 2699 1533 2763 dispensatores
1557 2700 1666 2750 dic·

609 2773 669 2836 ti,
722 2774 810 2837 qui
860 2776 1104 2838 pecunias
1152 2776 1467 2839 pendebunt.
1535 2776 1668 2826 Inde

606 2866 828 2914 expensa,
864 2866 978 2915 quie
1018 2850 1083 2902 de
1123 2854 1354 2917 pondere
1395 2855 1670 2904 detrahun-

607 2936 713 2990 tur,
733 2935 1048 2993 compensata,
1070 2944 1185 2995 quae
1216 2930 1399 2996 oequsli
1436 2930 1668 2995 pondere

605 3004 746 3055 facts
769 3012 910 3056 sunt.
980 3008 1334 3071 Compendium,
1356 3022 1470 3057 cnm
1495 3022 1669 3072 equs·

607 3083 685 3132 les
717 3082 906 3148 aliquid
956 3084 1196 3135 addendo
1235 3085 1521 3137 redduntur
1560 3088 1669 3136 lan·

607 3174 712 3208 ces.
762 3159 1093 3225 Dispendinn,
1112 3161 1356 3226 ponderis
1377 3163 1671 3227 diminutio,

607 3252 724 3286 cum
760 3236 883 3301 quid
918 3237 1131 3302 ponderi
1168 3239 1474 3301 detrahitur,
1493 3241 1665 3292 Varro

606 3313 696 3362 lib.
723 3326 802 3362 ιν.
837 3321 852 3344 ⁴
877 3314 962 3364 Ab
984 3315 1165 3365 eodem
1190 3331 1295 3366 aere
1318 3317 1666 3381 impendendo

605 3390 951 3455 dlspensstor‚
987 3402 1042 3443 et
1081 3394 1134 3443 in
1170 3393 1363 3444 tabulis
1393 3397 1702 3447 scribimus‘

603 3481 908 3534 expensum,
931 3478 984 3519 et
1023 3470 1144 3521 inde
1181 3472 1345 3536 prims
1377 3473 1576 3537 pensio,
1606 3480 1663 3523 et

604 3545 680 3593 sic
703 3551 794 3593 sut
820 3546 1063 3610 secunda,
1085 3556 1175 3599 sut
1198 3564 1314 3613 quae
1345 3550 1462 3608 slis,
1485 3558 1540 3601 et
1561 3550 1663 3601 dis-

602 3621 848 3684 peudIum
885 3621 1004 3672 ideo
1042 3625 1178 3688 quod
1211 3625 1264 3675 in
1306 3625 1664 3690 dispendendo

601 3698 735 3747 solet
754 3699 918 3748 minus
941 3697 1052 3749 fieri
1074 3716 1089 3750 z
1124 3701 1507 3766 compendium,
1525 3701 1661 3767 quod

600 3790 719 3824 cum
776 3775 1154 3842 compenditur,
1201 3793 1303 3828 una
1357 3777 1463 3830 sit.'
1526 3778 1662 3829 Vide

599 3854 735 3904 Ptin.
759 3854 848 3904 lib.
871 3867 1010 3904 xxx.
1030 3869 1147 3921 csp.
1167 3860 1219 3907 8.
1251 3855 1383 3906 Inde
1405 3863 1488 3905 est
1502 3858 1659 3906 etism

600 3932 737 3994 quod
763 3945 896 3981 nunc
918 3931 1137 3982 dicimus
1165 3940 1180 3962 ⁴
1199 3947 1378 3998 poenss
1402 3933 1665 3998 pendere:

599 4009 717 4072 quia
750 4008 818 4057 ob
861 4008 1104 4059 delictum
1128 4009 1353 4060 Veteres
1388 4011 1658 4074 pecuniam

600 4096 703 4132 non
742 4090 1083 4150 numeratum,
1119 4085 1211 4137 sed
1247 4100 1454 4150 pensam
1496 4088 1660 4136 solve·

599 4159 744 4210 bant·
775 4160 908 4209 Vide
931 4161 948 4188 ⁴
976 4162 1240 4224 pendere!
1263 4163 1388 4213 Duc.

661 4234 681 4272 ἵ
707 4238 1013 4305 Dispeoeere]
1068 4238 1200 4290 Vide
1251 4244 1268 4269 ⁴
1290 4239 1659 4305 compescere.’

600 4312 751 4365 Idem.

1813 2090 1839 2127 ⁸
1873 2081 2148 2146 Diaulus]
2197 2080 2551 2147 Glossarium:
2602 2080 2803 2130 ‘Dimi-

1748 2160 1842 2218 cis‚
1864 2159 2214 2224 χυροσδιαλτηε,
2234 2158 2464 2222 dicabant!
2528 2160 2687 2224 Lege,
2706 2160 2804 2221 χοῖ·

1746 2254 1826 2302 ρος
1846 2238 2080 2300 &exuis-715.
2113 2239 2219 2286 Jos.
2241 2237 2368 2287 θοαὶ.

1815 2314 2088 2378 Dimum]
2160 2315 2376 2375 Porcus,
2420 2314 2510 2379 qui
2570 2321 2713 2363 setss
2757 2313 2803 2363 iu

1750 2390 1924 2449 fronte
1953 2392 2025 2442 its
2057 2391 2245 2442 divim
2269 2390 2444 2453 babet,
2465 2390 2602 2441 utin
2638 2389 2804 2441 medio

1750 2470 1896 2534 quasi
1919 2468 2089 2518 sulcus
2107 2466 2375 2518 efficiatur.
2401 2468 2636 2517 Glossar.
2660 2473 2676 2497 ‘
2695 2469 2806 2518 Dis·

1749 2547 1941 2608 sulcus,
1971 2546 2136 2611 χοῖρος
2157 2543 2408 2607 δεκαέτης)
2445 2544 2571 2594 Duc.

1811 2622 1836 2657 ¹¹
1870 2621 2469 2689 malmetpertisum]
2511 2622 2588 2671 Ut
2615 2626 2801 2673 a‘cae·

1749 2699 1854 2764 do,’
1875 2700 1892 2728 ‘
1909 2700 2090 2750 occido
2111 2698 2144 2748 τ’
2192 2700 2266 2749 sic
2301 2714 2333 2749 u
2366 2701 2381 2727 ⁴
2399 2698 2603 2756 taedet,'
2627 2706 2642 2729 ⁴
2662 2701 2802 2749 disti·

1749 2776 1898 2840 sum,'
1954 2785 1969 2806 ⁴
1996 2774 2299 2839 dimissum(
2353 2784 2408 2825 et
2463 2781 2480 2804 ⁴
2514 2773 2801 2839 pertisum,'

1747 2856 1764 2883 ⁴
1781 2853 2091 2922 pertesum!
2130 2855 2279 2905 Idem.

1809 2932 1824 2966 ¹
1857 2927 2131 2996 Divfflium]
2166 2930 2402 2981 Glossae:
2440 2935 2456 2960 ⁴
2479 2930 2719 2988 Dividit,
2743 2933 2803 2979 δι·

1748 3008 1948 3073 χῶσαι]
1982 3009 2119 3059 Vide
2143 3008 2553 3073 conjectsneum
2575 3009 2802 3059 tertium.

1747 3088 1854 3138 Jos.
1874 3087 2000 3139 8021.

1808 3163 2082 3227 Dividimus]
2103 3162 2447 3213 Discordiam.
2464 3160 2644 3213 Attius
2657 3161 2805 3210 Phoe·

1742 3240 1891 3290 nissis
1913 3258 1926 3288 ε
1960 3242 1976 3269 ⁸
2000 3240 2083 3290 Ne
2106 3241 2281 3290 horum
2300 3239 2511 3289 dividiae
2533 3238 2802 3289 discordes

1740 3318 2014 3383 dissipent,
2043 3316 2348 3368 Disturbeut
2390 3325 2560 3366 tantas
2598 3324 2657 3365 et
2700 3323 2799 3364 tm

1740 3398 1965 3462 optimas
1987 3396 2189 3446 Civium
2211 3393 2455 3445 divitias!
2526 3392 2698 3446 Quem
2732 3394 2803 3443 lo·

1740 3487 1856 3523 cum
1881 3470 2099 3522 afferens
2126 3472 2326 3522 Nonius
2341 3470 2580 3520 similiter
2596 3470 2802 3526 dividis·

1740 3549 2086 3599 dissensiones
2112 3548 2505 3612 interpretatur.
2558 3548 2626 3598 Et
2651 3548 2801 3596 Glos-

1740 3627 1927 3675 sarium
1950 3641 1966 3673 ε
1988 3625 2003 3652 ⁸
2029 3622 2498 3688 Dividis,Baxdrom,
2516 3622 2801 3674 dissentio!

1740 3700 2011 3766 Significat
2066 3702 2224 3750 etism
2278 3701 2464 3750 dividia
2519 3700 2805 3759 tristitiam,

1739 3779 1973 3830 toedium.
2005 3777 2179 3827 Plaut.
2201 3778 2391 3828 Bacch.
2410 3790 2485 3827 rv.
2509 3781 2561 3828 6.
2596 3785 2611 3808 ⁴
2627 3777 2799 3827 Nimio

1741 3856 1878 3907 illoec
1915 3869 2001 3905 res
2039 3861 2120 3904 est
2159 3867 2357 3918 magun
2396 3853 2612 3904 dividia
2645 3850 2801 3903 milri?

1741 3932 1874 3983 Vide
1894 3932 2048 3981 Vsrr,
2071 3930 2158 3981 lib·
2179 3944 2259 3980 vt.
2295 3932 2417 3981 Due.

1805 4006 1831 4042 ¹¹
1863 4006 2167 4072 Diniae-la]
2234 4008 2461 4058 costen·
2500 4016 2651 4058 erant
2690 4010 2797 4057 locs

1739 4100 1855 4151 quo
1890 4100 2075 4150 squam
2112 4084 2372 4149 publicum
2399 4084 2726 4149 recipiebant
2746 4091 2797 4132 et

1736 4163 1789 4212 in
1833 4164 1972 4213 varia
2009 4163 2122 4212 locs
2168 4160 2549 4218 tramittebaut.
2590 4161 2728 4210 unde
2767 4173 2797 4208 s

1738 4243 1753 4269 ⁴
1774 4236 2094 4302 dividendo,’
2116 4239 2131 4265 ⁴
2153 4235 2436 4287 dividiculu
2453 4236 2469 4259 ’
2492 4237 2650 4287 dicta.
2688 4236 2765 4284 u.

1806 4315 1821 4351 ⁸
1850 4312 2026 4378 Dium]
2060 4313 2125 4365 Et
2157 4314 2267 4363 dius
2288 4313 2479 4364 saon-u
2494 4312 2691 4379 uliquis,
2713 4312 2793 4373 ξε.
