3020 4853
629 696 1315 790 ANTONII
1442 695 2318 791 AUGUSTINI

1202 940 1762 1018 PRAEFATIO

1434 1155 1520 1197 DE

969 1336 1099 1412 M.
1161 1335 1534 1413 VERRII
1615 1337 1991 1416 FLACCI

1442 1527 1520 1568 m·

772 1694 1058 1785 SEX,
1143 1692 1731 1812 ΡΟΜΡΕΠ
1814 1693 2188 1788 FESTI

1309 1893 1662 1962 LIBRIS.

394 2338 598 2440 Sex.
626 2367 1065 2435 Pomanus·
1104 2363 1347 2430 Festus
1390 2362 1498 2429 his
1538 2363 1764 2447 viginti
1795 2362 2010 2441 libris,
2043 2382 2214 2450 quos
2256 2357 2331 2426 de
2368 2357 2582 2425 verbo·

397 2498 535 2540 rum
606 2469 1074 2562 significatione,
1134 2471 1277 2535 sive
1353 2465 1706 2553 priscorum
1777 2464 2102 2554 verborum
2173 2485 2308 2530 cum
2385 2484 2582 2529 exem-

404 2579 535 2666 plis
572 2576 935 2664 inscripsit,
981 2574 1189 2640 libros
1219 2570 1440 2636 Verrii
1484 2569 1723 2636 Flacci
1765 2568 2070 2655 ejusdem
2111 2568 2483 2653 argumenti
2516 2566 2584 2631 in

392 2685 771 2752 breviorem
821 2683 1103 2746 formam
1152 2673 1424 2757 redegit.
1509 2670 1860 2740 Abstulit'³
1906 2674 2084 2738 enim
2126 2672 2340 2739 verba
2385 2670 2584 2737 nimis

396 2775 701 2875 antiqua,
730 2789 1159 2852 intermortua
1176 2780 1345 2866 jam,
1367 2784 1434 2844 et
1463 2777 1759 2862 sepulta,
1802 2781 1873 2841 ut
1899 2778 2048 2861 ipse
2085 2774 2371 2843 Verrius
2401 2775 2593 2842 dice·

393 2883 533 2972 bat,
578 2909 864 2980 quoeque
914 2887 1169 2954 nullius
1195 2889 1384 2951 erant
1422 2902 1609 2961 usus,
1639 2888 1708 2946 et
1752 2879 2214 2947 auctoritatis:
2282 2877 2586 2965 apertius

396 3016 665 3083 quoque
692 3001 763 3061 ct
787 2992 1060 3058 brevius
1080 2990 1165 3055 de
1197 2986 1453 3053 eisdem
1481 2985 1704 3051 verbis
1735 2983 2008 3050 tradidit
2033 2983 2273 3072 minori
2305 2982 2586 3048 volumi-

398 3120 482 3166 ne
500 3097 1066 3181 librorumprisca
1093 3094 1298 3160 verba
1319 3087 1667 3156 referendo
1690 3109 1709 3169 3
1758 3086 2074 3171 exempla
2103 3087 2308 3153 etiam
2336 3085 2404 3150 in
2434 3084 2590 3149 aliis

398 3205 587 3272 libris
625 3210 894 3289 reperta
928 3197 1287 3266 recensuit.
1374 3192 1650 3277 Saepius
1685 3179 1909 3257 autem
1935 3189 2162 3280 Verrii
2191 3206 2439 3255 errores
2469 3207 2591 3252 no·

402 3312 613 3390 tavit3
656 3315 735 3373 et,
767 3326 891 3374 cur
932 3304 1002 3370 id
1041 3304 1322 3378 faceret,
1351 3317 1506 3371 non,
1529 3298 1744 3362 minus
1787 3295 1985 3361 docte
2013 3310 2273 3377 semper
2289 3289 2592 3356 reddidit

399 3411 748 3482 rationem.
837 3405 1117 3474 Accidit
1145 3422 1304 3470 vero
1330 3401 1490 3478 huic
1522 3399 1713 3477 libro,
1743 3401 1815 3461 ut
1842 3396 2071 3461 multis
2103 3393 2328 3460 modis
2356 3395 2445 3461 ab
2474 3412 2593 3459 an-

403 3517 712 3603 tiquitate
754 3512 1130 3580 laederetur.
1217 3505 1402 3573 Nam
1445 3521 1670 3587 neque
1723 3499 1879 3587 quis
1916 3498 2026 3564 hic
2073 3497 2322 3564 Festus
2368 3497 2593 3569 suerit,

404 3640 620 3706 neque
646 3639 781 3705 quo
811 3625 1107 3702 tempore
1124 3611 1284 3686 ‚haec
1313 3607 1674 3693 scripserit,
1701 3602 2046 3691 potuimus
2076 3600 2398 3686 invenire.
2449 3599 2595 3665 Vix

406 3726 606 3792 etiam
636 3721 989 3790 voluminis
1018 3717 1220 3804 hujus
1264 3714 1492 3799 aliqua
1534 3710 1787 3792 mentio
1832 3704 2148 3790 reperitur
2187 3704 2258 3768 in
2288 3702 2594 3794 Charisii,

410 3817 483 3896 et·
505 3826 840 3916 Macrobii
884 3842 1021 3890 uno
1070 3826 1273 3905 atque
1318 3816 1534 3883 altero
1576 3813 1744 3879 libro
1753 3818 1795 3874 ἒ
1883 3808 2190 3890 Cumque
2234 3804 2398 3872 liber
2442 3803 2595 3891 ipse

411 3938 592 3999 totus
619 3934 878 3997 extaret
903 3925 1132 3992 Caroli
1162 3923 1376 4008 Regis
1420 3927 1742 4001 tempore,
1787 3911 2074 3987 Paulus,
2126 3907 2359 3975 nescio
2415 3908 2596 3993 quis,

417 4055 633 4120 operae
670 4033 957 4121 pretium
987 4031 1130 4096 sore
1159 4037 1349 4095 ratus
1379 4031 1514 4104 est,
1542 4021 1603 4088 si
1633 4020 1968 4104 epitomen
2011 4013 2348 4097 quandam
2375 4010 2599 4079 effice-

477 4242 500 4268 ·
531 4233 610 4283 Ex
633 4230 787 4284 Pauli
805 4229 960 4294 epist.
985 4229 1051 4279 ad
1075 4228 1247 4278 carol.
1610 4228 1631 4252 t
1665 4216 1744 4266 Ex
1786 4212 1985 4264 Charis.
2027 4210 2115 4264 lib.
2159 4224 2223 4268 u.
2263 4216 2320 4261 et
2365 4205 2601 4261 Macrob.

479 4308 503 4344 ⁸
534 4310 614 4361 Ex
637 4310 794 4361 Festo
817 4306 975 4358 verbo
996 4305 1276 4366 Pastinum.
1547 4297 1636 4349 lib.
1659 4309 1744 4349 ιιι.
1779 4293 1992 4345 Satura.
