3020 4853
532 372 662 441 114

1182 382 1408 434 saxu
1458 381 1766 432 Pontum
1819 379 2029 433 rnsvt

532 537 912 602 Bmmom
922 546 1102 613 ΒΜ,
1117 539 1188 598 et
1211 528 1391 617 apud
1418 528 1701 596 Graecos
1723 533 1795 593 et
1822 526 2001 614 apud
2027 525 2337 604 Latinos,
2358 530 2497 592 tam
2516 524 2717 592 libro·

617 658 762 705 rum
804 653 1084 721 magnus
1131 655 1249 720 per
1294 653 1369 699 ee
1411 652 1760 712 numerus,
1781 650 1985 717 quam
2024 631 2218 696 locus
2257 616 2431 714 ipse,
2478 630 2549 695 in
2579 650 2712 714 quo

614 743 765 809 libri
798 740 1113 806 collocati
1143 744 1323 817 sunt,
1353 737 1798 823 appellantur.

530 841 880 912 Bidentali
908 845 1217 910 dicebant
1239 840 1583 927 quoddam
1620 839 1971 925 templum,
1999 837 2180 923 quod
2218 839 2288 902 in
2316 855 2415 902 eo
2428 835 2711 902 bidenti-

1512 1027 1727 1081 NO'rAE

529 1129 859 1191 deminuitur‚
891 1127 1027 1180 unde
1061 1128 1173 1193 des,
1194 1128 1375 1187 dessis,
1407 1127 1581 1179 dictus

529 1205 749 1269 primum
769 1205 1121 1266 aveteribus3
1142 1211 1197 1255 et
1217 1205 1331 1256 btec
1352 1210 1432 1254 est
1457 1218 1581 1254 vera

527 1281 687 1346 etymi
711 1281 860 1335 ratio.
925 1283 1096 1333 Varro
1121 1282 1173 1332 in
1196 1281 1581 1332 enumeratione

526 1358 656 1408 assis
698 1360 939 1423 partium,
970 1367 1239 1424 postquam
1274 1357 1340 1409 ad
1371 1364 1580 1423 septun-

525 1448 639 1485 cem
654 1436 924 1500 pervenit:
948 1437 964 1465 ⁴
987 1434 1237 1502 Reliqua‚'
1251 1435 1438 1501 inquit,
1455 1436 1472 1464 ⁸
1489 1433 1582 1485 ob-

525 1511 770 1576 scuriora,
794 1511 929 1577 quod
950 1526 981 1562 a
1002 1511 1387 1563 deminutione:
1421 1520 1478 1562 et
1500 1525 1579 1570 ea,

522 1603 640 1653 quae
664 1587 1048 1652 deminuuntur,
1069 1589 1143 1639 ita
1161 1595 1281 1639 suut
1316 1594 1375 1639 nt
1407 1596 1580 1638 extre·

518 1677 634 1714 mas
668 1665 889 1728 syllabas
927 1664 1187 1716 babeant!
1248 1664 1351 1715 Sed
1396 1664 1578 1715 Festus

522 1739 740 1790 eandem
765 1740 911 1805 ponit
940 1741 1304 1807 etymologiam
1337 1740 1389 1792 in
1413 1740 1580 1803 besse,

520 1831 673 1882 quam
708 1816 886 1869 Groeci
908 1819 962 1867 ὃν
994 1818 1192 1883 διμοίρφ.
1261 1818 1395 1869 Nam
1420 1825 1475 1869 et
1507 1816 1576 1867 δί-

516 1909 679 1955 μοιρον
709 1893 926 1960 dictum,
954 1894 1089 1961 qnod
1127 1894 1255 1946 duas
1292 1893 1577 1960 portiones,

515 1971 617 2021 hoc
662 1979 759 2028 est,
803 1972 931 2023 duos
970 1972 1189 2023 trientes
1231 1971 1406 2022 babet.
1470 1970 1573 2021 Sed

519 2046 698 2121 Groeci
742 2049 794 2098 in
833 2048 964 2100 assis
1001 2049 1574 2112 distributione‚,quam

514 2125 892 2189 posterioribus
931 2126 1249 2191 temporibus
1286 2123 1575 2187 οἱνγκιασμδν

513 2192 790 2259 vocarunt,
810 2201 961 2252 aliam
985 2201 1233 2255 rationem
1254 2209 1569 2268 sequuntur:

514 2275 593 2327 ita
614 2278 750 2327 enim
784 2270 1072 2336 numerant,
1093 2285 1150 2330 ut
1182 2287 1301 2345 post
1327 2279 1572 2331 trientem

513 2353 763 2419 adjiciant
803 2363 1000 2407 tantum
1036 2356 1274 2408 unciam:
1317 2365 1376 2407 ut
1410 2355 1570 2405 triens

512 2432 683 2498 uncia,
720 2432 818 2484 boc
843 2441 944 2498 est,
966 2434 1259 2501 quincunx:
1294 2434 1449 2490 semis
1479 2448 1572 2483 uu·

511 2510 613 2567 cia,
636 2510 730 2561 hoc
749 2517 850 2574 est,
868 2519 1127 2578 septunx:
1163 2511 1352 2564 deinde
1367 2503 1479 2576 jam
1498 2510 1571 2561 al·

510 2592 625 2636 tero
664 2587 856 2639 triente
893 2588 1055 2647 facto,
1092 2604 1244 2655 quem
1285 2589 1445 2650 μοῖρον
1485 2602 1572 2638 vo-

509 2669 649 2724 cant,
670 2661 868 2728 δίμοιρον
898 2665 1096 2726 dicunt.
1159 2665 1247 2714 Ita
1278 2671 1450 2716 autem
1474 2678 1570 2714 nu·

504 2738 780 2791 merabant
810 2740 1006 2792 ultimis
1041 2739 1392 2804 temporibus:
1427 2738 1568 2790 δωδέ-

507 2830 669 2866 κατον·
708 2814 863 2868 ἕκτον·
904 2814 1149 2881 τέταρτον·
1187 2813 1364 2878 τρίτον·
1407 2815 1570 2879 τρίτον

506 2891 782 2943 δωδέκατον
809 2893 968 2954 ἣμισυ·
1006 2891 1152 2952 ἥμισυ
1184 2889 1461 2942 δωδέκατον
1499 2892 1569 2943 δί-

501 2984 679 3031 μοιρον·
693 2968 896 3033 δίμοιρον
905 2967 1181 3028 δωδέκατον·
1197 2966 1397 3034 δίμοιρον
1410 2967 1567 3021 ἕκτον·

502 3045 706 3109 δίμοιρον
754 3045 999 3112 τέταρτον·
1038 3045 1197 3111 λίτρα.
1259 3047 1383 3096 Tria
1424 3047 1563 3098 enim

498 3129 703 3172 tantum
742 3123 826 3173 bic
863 3124 1083 3173 variant.
1135 3121 1344 3173 Primus
1379 3123 1562 3187 triens,

498 3197 591 3263 qui
607 3197 831 3261 simplici
849 3200 1145 3249 accessione
1161 3200 1421 3249 unciarum
1443 3214 1563 3264 pro·

496 3274 750 3340 graditur.
786 3272 938 3326 Alter
961 3275 1121 3326 triens
1141 3276 1455 3341 compositus
1475 3278 1560 3329 vel

497 3363 567 3400 ex
587 3363 643 3399 se
665 3358 719 3399 et
741 3351 912 3416 uncia,
935 3353 1016 3402 vei
1039 3367 1106 3403 ex
1138 3353 1352 3406 semisse
1373 3358 1429 3405 et
1463 3369 1559 3405 un·

498 3423 599 3474 cia.
664 3426 874 3477 Tertius
894 3425 1067 3492 triens,
1087 3429 1257 3495 quiex
1279 3443 1336 3480 se
1353 3437 1410 3480 et
1431 3444 1556 3496 aug·

492 3508 676 3551 mento
690 3501 964 3556 ,unciarum
986 3505 1303 3568 compositus
1324 3512 1426 3556 est.
1483 3506 1557 3559 Et

492 3574 685 3636 iterum
709 3579 905 3642 repetit
937 3580 1172 3631 ordinem
1209 3582 1361 3647 primi
1395 3583 1555 3634 trien·

492 3649 586 3716 tis,
624 3652 793 3717 uncia,
830 3662 1061 3722 sextans,
1100 3658 1373 3722 quadrans.
1418 3660 1558 3710 Nam

493 3741 553 3779 se
587 3730 851 3794 componit
884 3745 1003 3782 cum
1028 3733 1127 3783 illis
1147 3732 1411 3799 besuncia,
1444 3735 1562 3786 bes-

491 3811 724 3869 sextans‚
749 3806 1118 3874 besquadrans.
1185 3811 1260 3863 Ut
1282 3827 1384 3862 non
1409 3812 1561 3865 dubi·

489 3879 594 3929 tari
626 3881 809 3944 possit,
830 3898 991 3949 quare
1027 3882 1228 3949 δίμοιρον
1259 3887 1431 3938 Graeci
1466 3903 1554 3939 vo·

487 3954 686 4006 cariut:
732 3971 849 4009 cum
905 3969 1116 4024 possent
1164 3962 1318 4013 aliter
1363 3963 1558 4031 facere,

486 4038 545 4082 et
578 4045 612 4082 a
646 4032 810 4084 tribus
841 4036 1211 4100 quadrantibus
1242 4040 1548 4093 dodrantem

485 4109 685 4174 potius,
729 4126 882 4176 quam
926 4128 958 4163 a
1012 4113 1211 4167 duobus
1267 4118 1545 4170 trientibus

484 4184 706 4237 bessem.
739 4187 847 4237 Jos.
868 4189 994 4237 Scal.

548 4261 565 4299 ¹
595 4262 852 4328 Bidental]
890 4263 1074 4333 Apage
1117 4269 1187 4320 sis
1226 4270 1316 4321 illa
1362 4271 1540 4332 verba,
1616 4271 1808 4325 frustra
1829 4280 1910 4324 est
1928 4271 2176 4336 Scaliger.

1655 1127 1886 1192 quoddam
1939 1125 2176 1187 templum.
2254 1120 2530 1186 Nunquam
2574 1119 2707 1170 enim

1660 1203 1985 1254 doctissimus
2006 1202 2192 1265 Festus
2210 1213 2272 1249 ea
2287 1198 2511 1262 scripsit.
2541 1196 2710 1247 Verba

1659 1286 1781 1331 snut
1800 1278 2007 1330 barbari
2031 1276 2356 1328 mutilatoris.
2422 1275 2608 1325 Festus
2625 1272 2710 1323 'ita

1660 1357 1901 1422 scripsit:
1935 1355 2165 1406 Bidental
2183 1353 2421 1415 dicebant,
2438 1353 2561 1415 qaod
2581 1352 2632 1401 ia
2658 1364 2709 1399 eo

1660 1435 1924 1485 bidentibus
1951 1433 2120 1484 hostiis
2152 1432 2516 1498 sacrificaretur.
2582 1430 2707 1483 Quis

1660 1512 1796 1562 enim
1830 1512 1994 1561 nescit
2031 1509 2272 1560 Bidental
2309 1521 2510 1558 omnem
2544 1506 2708 1557 locum

1658 1602 1791 1644 esse,
1815 1588 1901 1653 qni
1940 1587 2005 1637 de
2042 1588 2174 1638 coelo
2197 1592 2365 1637 tactus
2398 1585 2511 1635 est?
2574 1585 2710 1634 Tan-

1658 1670 1766 1715 tum
1788 1665 1952 1723 abest,
1975 1671 2034 1715 ut
2063 1665 2306 1728 templum
2332 1661 2586 1713 duntaxat
2605 1660 2708 1711 dici

1655 1740 1865 1791 debeat.
1931 1739 2182 1792 Glossarii
2216 1747 2396 1790 auctor
2437 1745 2581 1789 recte
2611 1752 2706 1787 ex·

1659 1819 1855 1883 posuit:
1890 1820 1906 1848 ⁶
1924 1815 2345 1882 Bidental,·r6=·os
2360 1812 2707 1881 cambrane!

1657 1894 1793 1946 Quin
1829 1894 2039 1946 Persius
2062 1895 2227 1959 ipsum
2259 1893 2514 1944 bominem
2546 1909 2705 1956 κεραυ·

1654 1974 1873 2035 νοπλῆγα
1899 1972 2106 2022 bidental
2126 1977 2310 2021 vocat:
2348 1977 2361 1998 ⁸
2378 1969 2548 2021 'l'riste
2560 1971 2704 2034 jaces

1653 2049 1806 2117 lueis,
1829 2047 2229 2112 evitandumque
2255 2045 2521 2096 bidental.'
2553 2043 2705 2095 Arte·

1652 2126 1879 2178 midorus
1909 2126 2038 2176 libro
2062 2140 2126 2176 ιι.
2161 2125 2188 2174 ὁ
2208 2122 2424 2188 κεραυνὸς
2449 2122 2514 2173 τὰ
2549 2122 2704 2184 ἄσημα

1650 2206 1748 2261 riis!
1765 2203 1947 2269 χωρίων
1963 2202 2172 2265 ἐπίσημα
2182 2204 2308 2252 ποιεῖ
2316 2200 2392 2251 διὰ
2405 2198 2516 2250 τοὺς
2536 2200 2702 2263 ἐνιδρυ-

1649 2280 1814 2343 ulmus
1847 2278 2051 2342 βωμοὺς,
2080 2278 2158 2330 καὶ
2188 2278 2275 2328 τὰς
2308 2279 2361 2327 ἐν
2391 2276 2549 2327 αὐτοῖς
2575 2293 2701 2339 γινο-

1647 2357 1791 2425 μένω
1840 2357 2018 2409 θυσίας.
2084 2359 2165 2409 De
2219 2355 2528 2406 Bidentibus
2583 2351 2703 2403 alibi

1651 2424 1874 2487 diximus
1924 2436 1976 2485 in
2032 2433 2416 2501 ConJectaneis.
2493 2432 2702 2492 Glossaf

1653 2512 1815 2564 rium:
1862 2514 1879 2542 ⁸
1906 2511 2167 2572 uideatis,
2207 2509 2361 2569 διετὴς
2406 2507 2496 2571 612,
2536 2507 2700 2573 ὄροντο

1650 2588 1900 2655 πρόβατα)
1934 2590 2069 2653 lege,
2105 2586 2319 2637 διόδοντα
2348 2584 2579 2649 πρόβατα.
2612 2585 2701 2634 Bi·

1647 2670 1825 2733 dentes,
1844 2666 1921 2718 ἐπὶ
1938 2669 2034 2717 τῦν
2046 2663 2309 2730 προβάτων,
2321 2663 2397 2714 διὰ
2411 2663 2470 2713 τὸ
2491 2660 2702 2712 &Adone

1648 2741 1779 2794 εἶναι.
1844 2742 2020 2795 Greci
2053 2741 2279 2793 bidental
2314 2746 2505 2790 vocant
2537 2736 2700 2798 ἑνηλύ-

1647 2836 1768 2871 σιον.
1832 2821 2028 2870 Glossae
2045 2815 2699 2879 οιωοοιιιω,δνηλύσια,τὰ

1644 2894 2041 2961 mambra
2075 2894 2242 2959 χοιρία.
2310 2895 2447 2944 Nam
2491 2893 2699 2953 σκηπτὸς

1645 2972 1840 3040 fulgur.
1882 2974 2049 3024 Porro
2072 2972 2138 3022 de
2162 2969 2474 3021 Bidentibus
2495 2969 2697 3020 abunde

1643 3049 1865 3108 diximus
1907 3048 1958 3098 in
2004 3047 2380 3112 conjectaneis·
2442 3046 2693 3098 Bidentes

1642 3136 1782 3184 sunt.
1805 3140 1929 3190 quas
1949 3121 2193 3187 μετάσσω
2226 3123 2486 3174 Homerus
2511 3131 2694 3173 vocat:

1640 3218 1759 3270 qun
1783 3217 1958 3272 neque
1976 3216 2122 3266 agnai
2144 3206 2282 3257 sunt,
2304 3199 2424 3266 quia
2447 3199 2549 3251 111oe
2573 3214 2693 3269 non·

1638 3281 1761 3331 dum
1801 3280 1988 3330 dentes
2023 3277 2321 3344 ediderunt,
2369 3290 2537 3342 neque
2574 3277 2690 3328 ada·

1636 3357 1748 3421 siat,
1774 3357 1893 3422 quja
1915 3355 2029 3420 jam
2060 3355 2359 3420 ejecerunt:
2395 3367 2426 3402 a
2456 3368 2561 3424 quo
2593 3362 2692 3404 λεια

1634 3431 1937 3495 maanus-us
1956 3446 2080 3483 oves
2102 3431 2299 3482 vetulas
2324 3437 2508 3481 vocant
2541 3430 2689 3482 Groe-

1633 3510 1701 3561 ci.
1730 3511 1833 3560 Jos.
1856 3508 1985 3560 Scul-

1697 3582 1951 3648 Bidental]
1994 3582 2009 3610 ⁴
2035 3584 2201 3633 Locus
2238 3597 2385 3633 sacro
2422 3583 2687 3646 perculsus

1628 3660 1863 3724 fulmine,
1893 3662 1982 3727 qui
2018 3659 2228 3730 bidente
2265 3659 2331 3710 ab
2365 3659 2684 3723 aruspicibus

1628 3745 1983 3803 consecratur,
2003 3751 2155 3802 quem
2173 3738 2374 3789 calcare
2404 3733 2549 3786 nefas
2570 3735 2686 3787 est.'

1628 3816 1795 3865 Vetus
1813 3815 2077 3877 interpres
2100 3813 2305 3862 Persii:
2349 3820 2365 3842 ‘
2389 3812 2631 3864 Bidental
2653 3827 2686 3861 a

1627 3892 1859 3948 bidente.
1887 3890 2024 3956 qnod
2049 3888 2345 3941 bidentibus
2377 3889 2560 3940 ovibus
2596 3904 2686 3954 ex·

1626 3965 1905 4030 piabatur.'
1970 3967 2202 4031 Scaliger
2231 3966 2345 4016 baec
2376 3964 2482 4015 duo
2504 3965 2684 4028 verba,

1625 4045 1856 4107 ‘imm
1879 4044 2120 4108 tenplum,
2142 4042 2283 4109 quasi
2307 4040 2508 4092 barbari
2533 4042 2678 4091 muti·
2782 4041 2798 4053 '

1623 4117 1805 4171 latoris
1837 4121 2054 4184 respuit,
2076 4120 2212 4186 quod
2245 4117 2456 4169 bidental
2483 4116 2678 4168 dicere·

1621 4201 1707 4246 tur
1728 4197 1894 4263 quivis
1917 4198 2058 4247 locus
2079 4196 2146 4245 de
2167 4195 2298 4246 coelo
2318 4200 2501 4246 tactus.
2570 4192 2676 4243 Sed

2242 4270 2378 4322 Nam
2410 4282 2525 4321 cum
2548 4282 2578 4318 a
2602 4268 2676 4319 bi·
