3020 4853
466 329 552 393 42

1150 334 1380 385 SEXTI
1432 334 1738 382 ΡΟΜΡΕΙΙ
1794 330 2000 379 FBST!

470 488 697 553 Adorp
728 485 920 550 farris
952 500 1178 566 genus,
1210 481 1375 546 edor
1405 479 1741 562 quondam
1776 477 2215 562 appellatum,
2247 474 2334 537 ab
2361 472 2648 546 edendo,

557 591 666 656 vel
696 589 874 674 quod
907 588 1223 677 aduratur
1254 592 1329 649 ut
1356 585 1476 650 fiat
1507 591 1754 649 tostum
1782 603 1798 648 :
1831 581 2009 646 unde
2040 580 2109 644 in
2142 577 2474 643 sacrificio
2507 595 2649 687 mo-

557 698 623 759 la
651 696 834 760 salsa
862 691 1160 756 efficitur.

473 800 807 865 Adorare‘¹
859 796 1039 880 apud
1070 795 1402 879 Antiquos
1433 792 1862 876 significabat
1892 807 2113 871 agere,
2153 784 2329 850 unde
2359 790 2426 848 et
2453 783 2654 867 legati

560 912 855 969 oratores
885 901 1234 977 dicuntur:
1280 898 1443 981 quia
1471 897 1785 961 mandata
1816 893 2049 977 populi
2081 896 2310 972 agunt.

475 1008 807 1073 Adoream
828 1014 848 1042 ¹
876 1001 1219 1082 laudem,¹⁶
1260 1005 1404 1067 sive
1433 1002 1705 1084 gloriam
1732 1000 2082 1064 dicebant:
2115 994 2275 1078 quia
2298 991 2654 1074 gloriosum

558 1131 708 1175 eum
744 1112 1073 1196 putabant
1104 1128 1274 1186 esse,
1304 1107 1418 1190 qui
1451 1105 1642 1169 farris
1673 1104 1874 1188 eopia
1901 1100 2282 1167 abundaret.

1391 1271 1684 1292 “Ome“
1690 1272 1712 1289 0
1719 1269 1744 1288 0

545 1402 603 1447 16
638 1396 1068 1461 Distinguendum
1094 1404 1266 1446 monet
1291 1396 1422 1445 Dac-
1447 1403 1568 1460 post
1587 1394 1858 1444 Adoreum:
1893 1395 2145 1460 Marcam,
2180 1400 2379 1448 laudem.

1414 1520 1425 1533 ’
1454 1543 1666 1595 NOTAE

480 1646 600 1710 qnid
626 1661 720 1709 ego
744 1647 933 1695 audio?
997 1645 1103 1695 Ao.
1136 1641 1528 1694 Antidamarebi

479 1732 688 1786 gnatum
737 1737 816 1771 me
860 1721 1010 1772 esse!
1090 1723 1155 1771 Et
1196 1723 1347 1786 paulo
1374 1727 1529 1784 post:

478 1805 493 1827 ‘
519 1801 807 1849 Demarcho
842 1802 964 1850 item
1001 1801 1109 1865 ipse
1140 1799 1237 1849 fuit
1273 1798 1532 1863 adoptati·

479 1877 617 1926 tius!
649 1878 774 1926 Duc.
1122 1900 1127 1901 ⁷

544 1960 569 1994 Ρ
590 1953 749 2017 Adur]
802 1954 941 2004 Adm-
991 1951 1234 2004 dicebant
1291 1953 1533 2010 Veteres,

480 2030 614 2096 qnod
641 2032 880 2080 Graecum
907 2038 1006 2092 est,
1040 2030 1169 2094 ἀθὺρ,
1206 2032 1345 2081 nulla
1379 2031 1533 2080 litera

481 2111 747 2160 immutata
797 2120 987 2172 praeter
1032 2113 1073 2169 θ,
1121 2110 1171 2158 in
1208 2113 1272 2159 d.-
1310 2116 1368 2159 nt
1411 2109 1532 2172 θεὸς,

480 2187 643 2236 Deus.
678 2187 885 2236 Dicitur
907 2195 960 2236 et
984 2188 1347 2249 Adns‚Aderis.
1383 2187 1534 2237 Glos-

480 2265 700 2314 sarium:
739 2273 753 2295 ‘
775 2266 936 2327 Adun,
955 2265 1126 2315 ciros)
1196 2265 1278 2315 lta
1302 2265 1436 2315 enim
1459 2266 1533 2313 le·

480 2342 718 2404 gendum.
789 2343 980 2393 Postea
1024 2343 1338 2394 declinatum
1383 2343 1536 2405 Adrus,

480 2421 687 2470 Adon-is:
713 2429 768 2471 ut
788 2422 992 2486 pignus,
1014 2423 1269 2487 pigneris:
1290 2422 1532 2487 pignoris:

481 2507 703 2561 tempus,
727 2502 995 2564 temperis,
1020 2503 1290 2566 temporis.
1348 2500 1535 2565 Itaque

479 2574 556 2629 fit,
582 2585 637 2623 ut
663 2576 712 2625 in
737 2578 957 2641 obliquis
991 2580 1220 2628 secunda
1241 2593 1377 2627 nttnc
1418 2594 1533 2642 pro·

481 2650 715 2713 ducatur,
742 2668 874 2703 nune
909 2655 1237 2717 corripiatur.
1307 2656 1371 2705 A.
1394 2656 1537 2706 Gan-

482 2730 596 2778 nins
621 2739 769 2780 vetus
795 2729 948 2794 potita
971 2733 1185 2795 corripit
1223 2734 1272 2782 in
1311 2734 1399 2782 illo
1426 2748 1537 2782 ver·

484 2820 574 2855 su:
610 2808 626 2835 ⁴
649 2806 795 2856 Illam
820 2817 1004 2872 sponte
1028 2817 1167 2859 satos
1201 2808 1371 2859 adoris
1407 2817 1536 2859 stra·

485 2885 621 2934 visse
645 2885 930 2948 maniplos!
998 2887 1168 2936 Item:
1206 2885 1223 2913 ‘
1242 2886 1343 2936 Hie
1369 2887 1540 2936 adoris

484 2963 576 3013 dat
623 2967 874 3029 primitias
911 2964 1048 3015 tibi:
1084 2965 1333 3029 sanguine
1373 2964 1539 3015 libat!

487 3039 768 3091 Ausonius:
807 3043 963 3091 ‘Mox
1003 3041 1151 3103 ador,
1183 3051 1343 3107 atque
1369 3043 1559 3091 adoris.

485 3117 551 3166 de
572 3118 763 3182 polline
795 3118 1080 3182 pultificum
1104 3118 1216 3167 far.²
1285 3118 1540 3170 Producit

486 3194 620 3243 idem
642 3195 869 3245 Gannius
888 3195 938 3245 in
961 3195 1078 3245 illo:
1116 3197 1132 3223 ⁴
1152 3196 1355 3247 Emicat
1378 3197 1429 3246 in
1449 3212 1540 3246 nu-

488 3272 578 3320 bes
602 3271 869 3321 nidoribus
900 3271 1054 3321 ardor
1091 3272 1300 3323 adoris-⁸
1362 3274 1541 3326 Quare

484 3347 812 3397 doctissimus
836 3348 1214 3400 Grammaticus
1244 3350 1542 3401 Priscianus

488 3427 561 3476 ait
581 3427 862 3489 irregulare
886 3427 982 3476 hoc
1021 3443 1202 3478 nomen
1245 3445 1376 3492 esse,
1405 3431 1538 3495 quod

488 3520 603 3555 enm
629 3505 678 3553 in
702 3521 756 3552 or
777 3507 1100 3566 terminetur,
1118 3515 1288 3558 tamen
1310 3508 1542 3573 obliquos

486 3582 701 3644 corripit
724 3591 907 3632 contra
932 3583 1144 3633 aliorum
1179 3593 1447 3635 naturam:
1485 3595 1542 3636 et

486 3674 601 3708 cum
626 3660 791 3708 neutri
819 3661 885 3708 sit
918 3661 1143 3723 generis,
1177 3668 1352 3712 tamen
1394 3663 1445 3712 in
1485 3679 1543 3712 or

486 3736 695 3785 desinit.
735 3735 1020 3800 Utrumque
1045 3735 1247 3790 falsum.
1294 3739 1428 3788 Nam
1453 3755 1544 3789 ne-

486 3828 588 3877 que
613 3828 729 3862 cnm
753 3813 982 3877 obliquos
1003 3815 1259 3877 producit,
1277 3824 1355 3865 est
1375 3818 1545 3867 nentri

488 3890 708 3953 generis.
749 3889 836 3939 sed
870 3893 1173 3941 masculini:
1222 3907 1389 3957 neque
1429 3909 1544 3943 cum

488 3966 660 4016 neutri
687 3973 767 4014 est
803 3967 1026 4030 generis,
1057 3969 1107 4016 in
1131 3982 1185 4016 or
1221 3970 1544 4020 terminatur.

490 4043 739 4095 Quamvis
764 4046 900 4092 enim
925 4043 1057 4093 dixit
1082 4043 1358 4108 Ausonius,
1379 4049 1394 4075 ⁸
1418 4048 1546 4097 Mox

491 4118 637 4179 ador,
657 4125 813 4183 atque
838 4119 1009 4168 adoris
1031 4135 1044 4167 :
1081 4117 1146 4168 de
1177 4121 1365 4184 polline
1389 4123 1545 4185 pulti-

490 4192 644 4242 ficum
679 4192 813 4242 far:’
862 4201 1035 4242 tamen
1071 4195 1187 4243 ador
1220 4195 1416 4246 dictum
1452 4212 1546 4262 pro

491 4273 641 4320 udus:
676 4278 735 4320 ut
774 4278 787 4301 ⁸
809 4269 1027 4335 corpor·
1061 4270 1302 4324 dicebant
1332 4274 1385 4325 in
1425 4290 1546 4327 neu·

1615 1650 1727 1690 tro:
1764 1641 1854 1690 sed
1894 1644 2011 1691 ndns
2050 1644 2098 1692 in
2136 1651 2317 1694 neutro
2350 1644 2568 1705 dictum,
2608 1651 2661 1694 et

1610 1720 1728 1782 ador
1780 1718 1831 1767 in
1885 1720 2188 1781 masculino,
2234 1730 2292 1771 ut
2336 1724 2351 1750 ‘
2373 1721 2528 1771 decus
2549 1722 2564 1744 '
2610 1730 2665 1771 et

1610 1797 1625 1823 ⁶
1644 1794 1833 1844 decor.’
1892 1796 2054 1845 Porro
2079 1801 2194 1845 ador
2216 1807 2294 1847 est
2321 1797 2416 1858 far,
2433 1814 2520 1847 seu
2547 1795 2664 1859 ζειά.

1610 1871 1672 1921 In
1690 1873 1947 1922 Glossario
1968 1875 2278 1938 transposita
2300 1876 2368 1924 ita
2388 1890 2478 1924 suo
2496 1874 2663 1924 ordini

1612 1950 1870 2013 restitues,
1903 1960 1955 1999 et
2001 1952 2315 2002 emendabis.
2385 1953 2469 2002 Ita
2509 1953 2663 2013 vulgo

1611 2028 1829 2090 legitur:
1864 2028 2013 2090 Ador,
2034 2027 2254 2080 υἷόθετος.
2326 2032 2475 2086 Ador.
2495 2049 2662 2093 προσε-

1610 2104 1868 2168 vaureta.
1932 2109 2099 2172 Lege:
2125 2110 2411 2173 Adoptatus,
2439 2107 2663 2161 υἱόθετος.

1611 2183 1763 2241 Adur,
1784 2183 1900 2245 ζειά.
1969 2185 2203 2250 Adparet,
2219 2187 2557 2252 προσήνεγκεν,
2578 2208 2669 2238 πα·

1610 2259 1905 2324 ρασκευάξει,
1928 2262 2192 2327 εὐτρεπίζει.
2250 2264 2311 2314 In
2334 2267 2515 2315 eodem
2543 2267 2668 2330 legi·

1618 2346 1735 2388 tur:
1773 2339 1787 2364 ‘
1816 2340 2038 2397 Adonia,
2061 2340 2183 2392 εἶδος
2205 2342 2377 2393 σίτου]
2408 2346 2517 2395 Jos.
2541 2346 2669 2395 Scal.

1680 2417 1840 2483 Adur]
1871 2418 2054 2468 Potius
2079 2437 2105 2469 a
2132 2421 2321 2472 Graeco
2339 2422 2473 2487 ἀθὴρ,
2494 2424 2670 2480 arista,

1615 2500 1642 2544 θ
1666 2496 1714 2544 in
1737 2497 1784 2545 d.
1825 2496 2044 2547 Veteres
2069 2499 2310 2549 dicebant
2326 2503 2443 2549 udus
2462 2510 2518 2552 et
2536 2505 2669 2553 odor.

1619 2573 1770 2622 Unde
1796 2573 1846 2622 in
1871 2575 2087 2639 obliquis
2110 2577 2337 2626 secunda
2374 2579 2520 2628 modo
2556 2596 2671 2644 pro-

1616 2652 1790 2705 ducta.
1832 2654 1979 2703 modo
2014 2665 2273 2719 correpta.
2358 2657 2671 2709 Producitur

1620 2727 1685 2775 ab
1706 2729 1819 2775 udor
1842 2723 2115 2780 masculini
2136 2733 2356 2789 ceneris.
2389 2735 2673 2797 corripitur

1619 2805 1683 2854 ab
1700 2807 1815 2854 udus
1830 2806 2075 2858 neutrius.
2110 2809 2243 2860 Vide
2258 2809 2396 2860 infra
2415 2813 2490 2861 in‘
2503 2813 2673 2864 mola.'

1620 2882 1744 2931 Duc.
1892 2883 1897 2888 ⁵

1683 2965 1708 3000 (t
1743 2957 1988 3021 Adur-are]
2033 2961 2170 3012 Vide
2204 2964 2220 2992 ‘
2250 2964 2390 3015 Nec’
2428 2967 2673 3032 conjunc·

1624 3034 1831 3085 tionem.
1864 3037 1982 3087 Ant.
2006 3038 2138 3101 Aug.

1688 3112 1921 3176 Adorare]
1958 3114 2018 3163 In
2038 3117 2139 3179 leg.
2163 3129 2270 3167 xit.
2297 3119 2402 3171 tab.
2436 3122 2451 3149 ‘
2474 3121 2528 3171 Si
2553 3122 2674 3173 ado-

1622 3199 1702 3239 rat
1728 3188 1939 3247 furtum,
1963 3192 2099 3254 quod
2126 3208 2221 3244 nec
2245 3197 2572 3249 manifestum
2596 3213 2674 3249 es·

1623 3266 1714 3327 cit,
1739 3265 2034 3330 duplionem
2061 3270 2227 3322 luito.'
2261 3274 2386 3323 Duc.

1687 3349 1706 3376 ¹
1735 3344 1994 3408 Adoream]
2030 3345 2350 3399 Glossarium
2385 3359 2552 3416 vetus,
2589 3368 2675 3403 cu-

1615 3421 1703 3484 jus
1727 3436 1825 3485 ope
1850 3423 2008 3471 multa
2036 3427 2303 3474 vetustatis
2338 3427 2443 3477 situ
2474 3431 2679 3493 sepulta

1623 3497 1873 3546 eruimus:
1902 3500 1916 3526 ‘
1938 3497 2242 3563 Adoriosus‚
2268 3500 2466 3566 ἔνδοξος,
2488 3511 2680 3567 Aaron·

1622 3581 1759 3637 τιῖος,
1780 3577 2050 3638 αδορνικηας
2072 3580 2306 3638 nmmos)
2356 3583 2520 3646 Lege:
2548 3585 2676 3634 Ado·

1623 3651 1792 3715 raucus,
1838 3651 2034 3718 ἔνδοξος,
2078 3654 2138 3704 ὥς
2180 3656 2436 3716 Πομπήϊος.
2523 3661 2678 3726 Ador,

1626 3728 1749 3791 νίκη,
1793 3730 1854 3779 ὡς
1894 3731 2155 3792 Πομπήϊος.
2241 3736 2378 3788 Quin
2424 3739 2680 3802 intelligat

1627 3815 1857 3856 nostrum
1885 3809 2067 3872 Pomp.
2097 3811 2298 3860 Festum
2339 3812 2678 3866 dubitandum

1625 3899 1726 3932 nou
1752 3891 1848 3935 est.
1915 3884 2070 3942 Hinc,
2092 3901 2241 3949 qnam
2266 3892 2426 3939 multa
2461 3891 2523 3940 ad
2546 3894 2680 3943 arbi·

1628 3962 1780 4010 trium
1824 3976 1971 4011 sunm
2014 3965 2307 4022 mutaverit,
2344 3969 2679 4035 mutilaverit,

1628 4038 1939 4101 perverterit
1971 4040 2335 4103 Longobardus
2372 4044 2491 4107 iste,
2527 4045 2680 4096 facile

1628 4114 1829 4164 adverti
1858 4123 2045 4178 potest.
2099 4117 2232 4167 Nam
2253 4133 2369 4182 quar
2388 4120 2679 4173 Glossarius

1629 4191 1713 4240 ille
1729 4187 1966 4255 annotat,
1990 4207 2056 4241 ex
2088 4194 2184 4243 boe
2214 4194 2417 4261 integro
2451 4198 2566 4249 loco
2590 4202 2679 4249 de·

1628 4276 1833 4333 promta
1854 4268 2063 4321 fuerunt
2082 4271 2191 4323 sine
2209 4273 2314 4324 ullo
2334 4275 2505 4327 dubio.
2555 4279 2678 4329 Ado·
