3020 4853
506 375 603 421 1)ss
654 327 1063 419 vennonuu
1120 363 1748 416 stuNtrtcA'rtoNE
1801 367 1941 412 [ΑΒ.
1991 366 2152 413 XIV.

2271 348 2404 416 653

300 518 577 604 antiqui.-
626 515 897 581 Plautus
949 514 1019 578 in
1071 513 1464 580 Pseudolo:
1510 510 1737 595 Atque
1788 511 1854 574 in
1893 511 2119 576 manib.
2148 522 2287 576 exta
2321 524 2409 575 te-

300 643 496 700 neam,
544 632 614 684 ut
649 619 1018 705 porriciam,
1073 620 1324 683 interea
1353 617 1525 680 loci:
1565 614 1911 698 porricitur
1955 625 2160 679 autem
2186 613 2407 702 foculo

1202 785 1417 837 NOTAE

219 920 380 971 neque
426 905 496 953 sit
540 904 814 969 quicquam
858 903 1074 967 pollucti
1115 901 1272 956 domi,

221 984 369 1032 Neve
409 981 538 1030 adeo
565 988 771 1029 vocatos
809 980 1012 1028 credam
1050 993 1135 1027 vos
1162 993 1273 1027 esse

221 1059 283 1106 sd
325 1073 526 1108 crenam
571 1056 740 1106 foras)
808 1058 879 1105 Et
920 1057 1080 1106 Stich.
1132 1071 1184 1107 v,
1224 1060 1273 1105 4.

218 1133 423 1185 ‘Hodie
463 1134 771 1196 polluctura,
808 1141 998 1193 pra-ter
1037 1147 1151 1189 noa,
1165 1134 1274 1196 jatn

217 1211 426 1260 dabitur
452 1209 682 1259 nemini)
752 1209 1079 1258 Pollae-turum
1107 1218 1276 1266 vocat,

218 1285 348 1350 quod
393 1301 550 1350 supra
609 1286 883 1348 polluctum.
949 1286 1137 1350 Varro,
1180 1288 1275 1335 etsi

216 1362 381 1410 minus
406 1361 528 1426 quid
559 1361 811 1425 profanum
844 1370 981 1412 esset
1005 1363 1277 1420 intellexit,

218 1444 385 1486 tamen
425 1438 501 1486 ita
542 1452 647 1486 rem
692 1438 946 1498 declarat,
985 1445 1044 1486 ut
1077 1451 1277 1489 omnem

217 1512 487 1563 dubitandi
514 1514 679 1562 locum
716 1515 885 1564 tollat.
951 1513 1123 1563 Verba
1146 1514 1279 1577 eiua,

216 1591 334 1654 quia
361 1589 549 1638 nemini
585 1592 830 1639 hactenus
864 1591 1143 1646 intellecta,
1167 1593 1277 1638 sive

215 1667 345 1716 adeo
371 1666 658 1731 declarata,
680 1680 785 1715 non
819 1667 961 1730 piget
996 1667 1276 1717 ascribere.

212 1744 227 1770 ‘
254 1742 397 1792 Hine
437 1740 707 1806 profanum
747 1742 865 1804 est‚'
900 1743 1115 1807 iuquit‚‘
1139 1744 1276 1807 quod

216 1827 337 1870 aute
375 1818 574 1880 fanum,
608 1819 658 1868 id
694 1828 794 1883 est,
828 1820 1165 1884 conjunctum
1205 1819 1278 1871 fa·

213 1899 313 1946 no':
364 1897 487 1946 hinc
532 1894 879 1960 profanatum,
925 1898 1058 1961 quod
1103 1901 1152 1947 in
1200 1915 1279 1947 sa·

213 1973 381 2023 crario
406 1973 715 2038 polluctum,
740 1983 893 2038 atque
918 1975 1038 2024 inde
1064 1975 1277 2025 Herculi

214 2051 457 2102 Decuma
477 2051 605 2101 data
628 2051 693 2101 ab
725 2067 789 2101 eo
823 2062 923 2112 est,
943 2054 1079 2116 quod
1120 2056 1279 2104 sacri·

213 2126 331 2177 ficio
356 2128 583 2193 quodam
609 2127 834 2191 sanatur,
866 2128 916 2177 id
954 2140 1053 2191 est,
1074 2138 1132 2179 ut
1169 2129 1278 2180 faui

212 2205 328 2266 lege
353 2205 441 2255 sit.
516 2204 577 2253 Id
604 2205 794 2255 dicitnr
820 2206 1100 2269 polluctum
1140 2204 1278 2271 qnod

215 2296 244 2329 a
268 2281 605 2345 porriciendo
630 2291 709 2331 est
744 2279 943 2331 fictum.
993 2284 1121 2333 Cum
1145 2283 1281 2331 enim

212 2372 276 2405 ex
302 2358 570 2407 mercibus
594 2358 875 2407 libamenta
900 2367 1130 2421 porrecta
1162 2366 1283 2408 suut

213 2434 435 2484 Herculi
477 2434 529 2482 in
565 2449 677 2495 ara,
724 2445 829 2483 tum
883 2437 1131 2499 pollutum
1182 2444 1281 2485 est.

211 2510 287 2559 Ut
333 2524 457 2560 cum
503 2509 773 2573 profanum
823 2512 1034 2574 dicitur,
1072 2513 1122 2561 id
1183 2520 1284 2574 est,

211 2585 437 2647 proinde
475 2593 535 2634 ut
572 2587 638 2634 sit
676 2584 781 2635 fani
817 2585 1026 2636 factum.
1095 2589 1284 2653 Itaque

212 2662 304 2709 ubi
351 2663 477 2710 olim
519 2659 639 2710 fauo
687 2663 1080 2712 consumebatur
1137 2679 1286 2713 onine

209 2737 350 2799 quod
368 2734 648 2799 profanum
661 2745 789 2798 erat,
804 2748 862 2787 ut
883 2739 1037 2788 etiam
1055 2738 1134 2800 fit,
1152 2739 1287 2803 quod

206 2814 419 2863 Praetor
446 2813 677 2863 urbanus
702 2816 977 2878 quotannis
1001 2813 1149 2877 facit,
1173 2831 1288 2865 cum

206 2889 440 2939 Herculi
481 2890 719 2938 immolat
742 2889 948 2952 publice
976 2891 1289 2953 juvencam!

209 2968 345 3037 ljlaec
371 2969 578 3017 Varro:
629 2967 778 3030 cujus
811 2976 1069 3031 postrema
1110 2969 1292 3030 verba,

207 3046 334 3108 quia
381 3057 486 3108 per
536 3042 859 3092 librariorum
916 3045 1290 3110 negligentiam

204 3123 358 3169 unius
402 3126 459 3169 et
513 3119 726 3169 alterius
782 3119 1002 3170 literulae
1053 3123 1289 3171 immuta·

207 3197 353 3245 tione
387 3203 448 3245 et
470 3198 808 3258 corruptione
838 3211 935 3247 nou
961 3188 1151 3248 levite'r
1172 3207 1293 3249 suut

205 3275 535 3346 deformata,
569 3275 640 3323 ita
663 3274 926 3324 emendari
954 3275 1145 3326 debere
1179 3292 1290 3327 cer-

203 3361 315 3401 tum
342 3362 458 3402 est:
504 3353 626 3399 Cum
649 3353 771 3401 enim
808 3368 871 3401 ex
908 3354 1139 3403 mercibus
1173 3354 1294 3404 liba-

203 3437 367 3479 menta
383 3436 618 3494 porrecta
638 3436 745 3479 sunt
776 3430 977 3480 Herculi
993 3428 1047 3480 ἰιι
1067 3424 1172 3490 uro,
1194 3436 1294 3480 tum

200 3509 446 3569 pollutum
485 3512 582 3565 est,
616 3512 661 3555 et
686 3512 785 3555 lum
819 3507 1069 3569 profanum
1097 3508 1296 3568 dicitur,

200 3585 255 3631 id
276 3590 371 3643 est,
391 3583 603 3647 proinde
623 3588 672 3631 ul
707 3584 892 3644 sitsani
915 3583 1122 3641 sactum.
1192 3584 1294 3633 Ita-

202 3676 292 3724 que
316 3660 389 3709 ibi
413 3660 540 3708 olim
579 3652 629 3709 in
650 3660 774 3719 sano
813 3661 1183 3718 consentiebatur,
1214 3663 1297 3724 ᾅτ.

199 3736 310 3785 Sed
330 3737 464 3800 quia
491 3735 909 3786 emendationum
937 3738 1160 3786 omnium
1187 3745 1294 3786 tum

200 3812 420 3862 demum
448 3813 591 3861 ratio
616 3826 738 3861 vera
758 3822 836 3861 est
860 3820 917 3862 et
935 3822 1136 3875 aperta,
1162 3826 1298 3874 cum,

199 3905 323 3960 quae
373 3896 547 3939 antea
600 3887 974 3938 indiswliibilia
1020 3895 1191 3950 erant,
1232 3902 1296 3937 ea

203 3967 350 4015 nullo
375 3965 602 4029 negotio
622 3963 971 4014 dissolvuntur
988 3974 1045 4015 et
1070 3964 1295 4014 enodan-

205 4040 316 4106 tur,
380 4042 664 4091 videamus
715 4042 903 4091 virisne
957 4042 1123 4091 doctis
1187 4042 1296 4089 haec

201 4121 391 4169 nostra
440 4112 750 4165 emendatio
804 4117 1067 4179 probanda
1112 4119 1177 4165 sit
1231 4131 1296 4165 an

200 4193 502 4257 exigenda.
580 4190 669 4239 Ait
695 4191 880 4246 Varr0.
904 4199 918 4220 ‘
943 4186 1095 4243 Quod
1136 4192 1183 4240 in
1220 4208 1296 4241 sa-

200 4262 379 4322 crario
428 4267 755 4333 pollucetur,
788 4275 839 4317 et
880 4268 1130 4318 sacrificio
1169 4285 1294 4333 quo·

1357 899 1475 948 dam
1514 897 1739 964 sanatur,
1790 907 1847 948 ut
1884 899 1948 948 ad
1984 901 2145 949 instar
2177 900 2285 951 fani
2325 903 2413 953 sit.

1354 986 1625 1040 postquam
1665 976 1783 1025 iude
1824 978 2039 1027 Herculi
2075 979 2294 1028 decuma
2332 988 2412 1029 est

1353 1055 1493 1118 data,
1536 1068 1686 1104 omne
1729 1055 1782 1102 id
1821 1054 2168 1118 profanatum,
2211 1063 2266 1105 et
2302 1057 2410 1120 pol-

1353 1133 1547 1182 luctum
1593 1132 1813 1181 dicitnr-⁹
1880 1131 1998 1181 Huc
2041 1148 2202 1199 usqne
2238 1134 2409 1182 verbis

1353 1210 1604 1260 Varronis
1658 1210 1783 1259 satis
1836 1209 2152 1260 insistimusz
2211 1212 2410 1275 pergit:

1356 1293 1369 1312 ‘
1385 1286 1443 1335 ld
1466 1301 1616 1334 omne
1649 1294 1819 1334 autem
1845 1285 2035 1334 dicitur
2058 1289 2360 1350 polluctum,
2383 1302 2414 1337 a

1356 1362 1684 1426 porriciendo
1708 1377 1832 1412 voce
1857 1361 2050 1411 efficta.
2120 1365 2270 1426 Nam,
2296 1379 2411 1413 cum

1355 1455 1417 1489 ex
1442 1439 1664 1501 dapibus
1699 1440 1978 1490 libamenta
2019 1449 2257 1502 porrecta
2293 1447 2417 1490 sunt

1361 1517 1572 1566 Herculi
1600 1517 1652 1564 in
1675 1531 1784 1577 ara,
1802 1523 1910 1566 tum
1935 1516 2215 1578 polluctum
2239 1522 2340 1575 est,
2361 1515 2413 1566 id

1357 1602 1456 1650 est.
1482 1601 1589 1640 tuni
1628 1594 1858 1656 pollucta
1897 1593 2094 1656 reliqua
2118 1591 2246 1656 daps
2282 1591 2412 1641 dici-

1356 1655 1457 1728 tdr‚
1502 1678 1555 1717 et
1599 1678 1706 1718 tum
1754 1669 1908 1716 etiam
1954 1668 2144 1717 dicitur
2181 1666 2417 1730 profana,

1358 1746 1408 1795 id
1433 1750 1660 1806 est,&c.
1725 1746 1912 1810 Itaque
1958 1745 2028 1795 ibi
2069 1746 2120 1794 ia
2157 1743 2279 1794 t‘aao
2301 1759 2420 1794 con·

1356 1822 1658 1873 attinebatur
1686 1837 1836 1871 omne
1879 1821 1930 1870 id
1964 1821 2100 1885 quod
2144 1819 2419 1884 profanum

1356 1897 1510 1960 erat,’
1570 1903 1671 1948 ὅτε.
1758 1900 1912 1947 Nunc
1967 1898 2212 1947 Varronis
2262 1895 2423 1946 verba

1356 1976 1471 2024 luce
1495 1976 1611 2038 ipsa
1631 1975 1868 2037 clariora,
1888 1973 2024 2024 unde
2044 1981 2127 2023 sat
2147 1973 2256 2022 scio
2270 1986 2421 2022 nemo

1356 2052 1513 2102 aliter
1556 2067 1612 2102 se
1654 2051 1778 2101 satis
1812 2051 2076 2114 expediat.
2161 2049 2232 2100 Et
2276 2055 2423 2099 certe

1356 2130 1580 2179 maxime
1664 2129 1983 2193 Reipublicae
2036 2126 2286 2177 literaria
2345 2125 2422 2173 in-

1358 2213 1578 2268 tererat,
1602 2214 1660 2257 ut
1693 2222 1758 2255 ne
1797 2206 1880 2256 bic
1917 2207 2062 2255 locus
2085 2204 2333 2254 Varronis
2369 2209 2426 2251 et

1360 2286 1495 2333 alter
1533 2284 1673 2332 Festi
1704 2284 1900 2332 diutins
1931 2282 1981 2331 in
2030 2281 2258 2329 tenebris
2298 2280 2427 2328 late·

1361 2367 1495 2409 rent.
1521 2360 1691 2408 Varro
1715 2358 1942 2423 quidem,
1957 2356 2272 2420 ermpertus
2289 2355 2425 2404 dixi·

1363 2452 1489 2496 mus‚
1509 2451 1611 2485 uon
1633 2438 1759 2486 satis
1784 2436 2042 2485 intellexit
2066 2434 2188 2499 quid
2216 2433 2424 2497 proprie

1363 2520 1505 2563 esset
1538 2513 1805 2576 profanum,
1827 2526 1940 2561 cum
1971 2512 2043 2560 ait
2073 2510 2177 2559 dici
2211 2511 2227 2537 ⁸
2257 2507 2427 2572 profa-

1363 2604 1507 2650 num,
1533 2588 1750 2652 proinde
1768 2596 1823 2635 ut
1849 2588 1915 2636 sit
1939 2585 2044 2655 fani
2065 2584 2297 2637 factum!
2356 2584 2428 2633 Et

1363 2681 1426 2713 eo
1449 2665 1676 2728 graviter
1705 2664 1879 2728 lapsus
1903 2670 2000 2721 est,
2041 2662 2180 2727 quod
2200 2661 2429 2722 sanatum

1365 2742 1497 2790 inter
1521 2750 1573 2790 et
1602 2740 1908 2804 profanatum
1932 2738 2126 2788 nullum
2152 2735 2429 2786 discrimen

1365 2819 1570 2879 statuit,
1609 2816 1747 2881 quod
1795 2816 2065 2865 maximnm
2128 2828 2243 2863 esse
2277 2811 2431 2861 facile

1367 2895 1615 2943 evincunt
1641 2909 1757 2958 quoe
1783 2892 1866 2942 hic
1890 2908 1920 2940 a
1942 2889 2088 2940 nobis
2113 2889 2279 2954 posita
2293 2897 2430 2945 suut,

1368 2985 1420 3021 et
1444 2985 1506 3020 ex
1531 2972 1784 3021 Veterum
1817 2968 1927 3018 fere
1959 2968 2183 3018 omnium
2209 2965 2435 3015 auctori·

1370 3055 1480 3095 tate
1505 3045 1893 3109 comprobatur.
1960 3042 2296 3093 Memineriut
2337 3041 2433 3104 igi-

1368 3131 1455 3171 tur
1490 3120 1794 3170 Latinitatis
1835 3127 1891 3169 et
1928 3120 2119 3169 rituum
2175 3116 2435 3167 Romano-

1370 3214 1480 3249 rum
1505 3198 1964 3262 stucliosi,miuime
1980 3196 2102 3267 viris
2127 3195 2296 3245 doctis
2319 3208 2433 3245 cre-

1371 3277 1596 3327 dendum
1617 3291 1731 3325 esse
1750 3290 1866 3326 cum
1888 3273 2140 3325 audacter
2159 3272 2437 3331 affirmant,

1371 3370 1486 3418 quae
1546 3353 1961 3417 porriciebantur
2009 3367 2071 3400 ea
2120 3353 2328 3414 pollucta
2380 3356 2437 3398 et

1365 3429 1622 3495 profanata
1643 3429 1800 3489 dicta,
1838 3443 1956 3478 cum
1991 3435 2177 3478 contra
2213 3425 2435 3488 profano,

1372 3508 1483 3556 sive
1521 3507 1794 3570 profanato,
1840 3512 1897 3554 et
1931 3506 2147 3569 ,pollucta
2192 3510 2300 3551 tum
2349 3501 2438 3548 de-

1372 3599 1507 3633 mum
1534 3583 1680 3632 dicta
1702 3584 1805 3631 sint
1827 3580 1995 3630 omnis
2015 3577 2320 3637 sacrificalia
2352 3575 2438 3624 illa

1373 3659 1612 3710 convivia
1650 3666 1923 3720 postquam
1966 3669 2143 3704 eorum
2199 3652 2436 3715 proJecta

1373 3745 1488 3786 erat
1515 3750 1632 3798 pars
1667 3736 1837 3799 aliqua
1870 3747 1984 3798 quae
2025 3730 2232 3795 proprie
2258 3729 2438 3794 porrici

1373 3810 1667 3861 dicebatur.
1739 3811 1875 3859 Nam
1911 3808 2172 3871 polluctum
2206 3806 2259 3855 id
2300 3805 2440 3855 dice·

1375 3874 1532 3938 batur
1603 3886 1739 3951 quod
1820 3884 2015 3950 populo
2060 3884 2443 3947 exponebatur.

1375 3956 1513 4029 quod
1543 3976 1645 4010 uon
1669 3962 1831 4011 flebat
1849 3960 1942 4031 nisi
1963 3967 2083 4024 post
2106 3960 2219 4024 ejas
2240 3966 2442 4022 partem

1377 4041 1601 4103 aliquam
1624 4047 1935 4102 porrectam.
1957 4036 2089 4105 Inde
2115 4037 2253 4101 apud
2268 4037 2445 4099 Plaut-

1378 4117 1607 4168 Rudent.
1675 4118 1832 4166 ‘Non
1876 4128 1988 4164 sum
2030 4115 2262 4178 pollucta
2310 4127 2442 4177 pago

1378 4194 1546 4245 Potiri
1607 4202 1666 4244 ut
1722 4209 1804 4243 me
1872 4193 2138 4263 abstineas
2199 4189 2440 4241 manum.’

1374 4273 1389 4299 ‘
1416 4272 1656 4322 l’ollucta
1701 4260 1872 4335 pago,'
1910 4269 1961 4319 id
1999 4276 2098 4331 est,
2124 4283 2257 4334 pago
2282 4282 2440 4331 expo«
