3020 4853
473 416 568 463 DB
619 413 1035 464 VERBORUM
1086 413 1710 503 stcnlmoxrrouss
1761 416 1909 466 mn.
1961 415 2139 465 Xut-

2278 404 2410 470 519

297 568 508 628 torum
560 561 776 638 refert,
828 567 1118 624 montem
1170 557 1644 643 confragosum
1697 564 2052 643 vocabant,
2097 571 2169 630 ut
2218 566 2404 651 apud

193 744 198 747 .
297 666 600 731 Livium:
646 663 782 729 Sed
829 663 942 748 qui
991 669 1149 728 sunt
1198 663 1289 742 hi,
1336 665 1453 746 qni
1503 665 1876 731 ascendunt
1905 667 2114 732 altum
2148 670 2405 735 ocrim‘l

296 768 423 833 Et:
473 767 847 851 celsosque
890 768 1094 846 ocriS,
1145 786 1446 851 arvaque
1489 769 1734 851 patria,
1772 774 1840 834 et
1870 789 2047 835 mare
2075 790 2412 856 magnum.

301 872 608 956 Namque
637 871 913 935 Taenari
943 870 1165 935 celsos
1194 871 1393 935 ocris,

1469 869 1592 937 Et:
1626 872 1833 937 Haud
1865 881 1939 939 ut
1968 895 2172 960 quem
2206 875 2407 942 Chiro

292 978 356 1041 in
402 974 601 1040 Pelio
645 973 876 1039 docuit
921 974 1084 1039 ocri.
1169 974 1371 1039 *Unde
1401 974 1693 1041 fortasse
1723 977 1924 1043 etiam
1957 986 2226 1044 ocreaem
2274 982 2412 1045 sint

295 1080 492 1146 dictae
522 1079 941 1164 inaequaliter
971 1079 1318 1144 tuberatae.

213 1182 442 1249 Ocrem
498 1190 787 1247 montem
843 1183 1311 1266 confragosum
1368 1183 1690 1248 dicebant
1739 1186 2035 1270 antiqui:

2126 1188 2320 1271 [Pau
2340 1206 2401 1252 n.

288 1285 436 1351 hinc
468 1296 688 1350 ocreae
720 1284 920 1350 dictae
947 1286 1365 1369 inaequaliter
1395 1288 1743 1353 tuberatae.

212 1388 513 1455 Octaviae
546 1389 844 1473 porticus
875 1388 1077 1453 dnae¹¹
1124 1389 1580 1473 appellantur,
1624 1410 1906 1474 quarum
1945 1392 2112 1457 alte·-
2159 1396 2407 1476 [FsssT.

289 1511 427 1557 ram
474 1491 741 1557 theatro
792 1492 1100 1557 Marcelli
1157 1492 1540 1576 propiorem
1580 1493 1872 1559 Octavia
1902 1513 2087 1560 soror
2118 1486 2409 1581 Augusti

287 1595 464 1672 fecit,
512 1596 797 1662 alteram
828 1596 1083 1661 theatro
1126 1596 1435 1680 Pompeii
1483 1598 1858 1682 proximam
1890 1599 2046 1665 CN.
2081 1599 2408 1667 Octavius

292 1698 443 1766 CN.
491 1701 700 1779 filius,
738 1702 853 1785 qui
886 1701 1012 1767 fuit
1041 1702 1291 1766 AEdilis
1323 1700 1613 1780 CuruliS,
1645 1702 1925 1782 Praetor,
1958 1702 2241 1781 Consul,
2277 1705 2411 1770 De-

288 1807 610 1871 cemvir¹4
651 1807 864 1871 sacris
898 1806 1252 1885 faciendiS,
1300 1807 1866 1891 triumphavitque
1897 1807 1980 1874 de
2011 1827 2167 1893 rege
2198 1809 2406 1874 Perse

286 1911 510 1975 navali
562 1910 934 1995 triumpho:
980 1932 1181 1997 quam
1229 1907 1646 1978 combustam
1688 1911 2119 1978 reficiendam
2148 1914 2407 1979 curavit

287 2012 526 2085 Caesar
555 2014 927 2098 Augustus.

210 2115 492 2183 October
515 2125 543 2153 ⁰
585 2137 798 2202 equus
850 2117 1250 2203 appellatur,
1296 2120 1414 2204 qui
1465 2120 1535 2184 in
1588 2138 1832 2203 campo
1888 2119 2133 2187 Martio
2176 2140 2406 2188 mense

1122 2314 1268 2334 ‘0000

271 2456 328 2503 u
365 2453 488 2505 Vct.
530 2451 652 2505 eod.
694 2451 1038 2502 Docemoimm.

1274 2313 1484 2334 “000“

1204 2601 1422 2654 No'rAE

213 2714 416 2765 Homer.
438 2716 490 2766 in
514 2714 711 2780 Odyaa.
731 2715 1155 2777 Ε.”Εκτοσθενμὲν
1167 2714 1264 2781 γὰρ

211 2790 347 2853 τόνοι
387 2792 531 2858 ὀξέες,
589 2791 710 2856 ἀμφὶ
749 2792 803 2842 δὲ
860 2794 982 2855 κῦμα
1023 2791 1264 2857 Βέβρυχεν

212 2869 371 2937 ῥόθιον,
393 2871 898 2936 λίσσηδάναδέδρομε
916 2871 1085 2939 πέτρη.
1124 2874 1261 2923 ‘Ex-

211 2954 285 2997 tra
306 2951 439 3000 euim
472 2964 600 3001 saxa
635 2959 809 3015 acuta,
833 2950 1061 3016 undique
1085 2958 1258 3001 autem

209 3021 385 3080 fluctus
421 3026 655 3077 Fremuit
691 3039 920 3092 sonorus,
959 3026 1088 3078 levia
1132 3042 1260 3079 vero

210 3105 392 3154 eminet
412 3104 599 3170 petra.’
630 3104 755 3154 Dae.

268 3187 301 3213 ¹¹
337 3181 469 3232 Unde
490 3182 707 3242 fortune
736 3179 907 3244 ocrea]
941 3179 987 3229 A
1011 3194 1164 3232 crure
1187 3187 1261 3231 ta·

208 3270 318 3309 men
341 3259 510 3311 Varro
531 3257 623 3309 lib.
647 3273 728 3310 tv.
762 3260 778 3287 ⁸
798 3257 968 3308 Ocrea
1006 3258 1143 3323 quod
1168 3272 1258 3322 op·

210 3337 492 3398 ponebatur
542 3336 613 3387 ob
674 3334 827 3386 crus?
926 3334 1029 3385 Sed
1088 3336 1258 3385 verina

208 3412 340 3464 Festi
379 3422 605 3481 etymon.
672 3412 757 3463 Ab
787 3411 896 3462 ocri
932 3411 1090 3463 dictae
1136 3421 1261 3464 aunt

209 3488 369 3542 Italiae
392 3492 653 3553 civitates,
674 3490 967 3551 Ocriculum,
992 3496 1048 3540 et
1073 3491 1260 3542 Intero-

207 3580 323 3619 erea.
390 3570 465 3620 Ut
500 3567 706 3619 Grecis
759 3565 971 3632 τρέχων,
1009 3567 1260 3632 maximoe,

215 3658 244 3693 a
263 3646 454 3710 τραχὺς,
480 3646 789 3711 petricosus,
813 3659 980 3710 asper.
1012 3647 1163 3697 Idem.

268 3730 292 3756 ¹¹
329 3724 545 3775 Octavia
562 3724 776 3788 porticus
795 3719 925 3786 dua]
948 3722 1134 3773 Altera
1155 3723 1259 3775 Oc·

207 3802 357 3850 taviae
380 3801 572 3852 sororis
595 3800 836 3865 Augusti,
859 3801 924 3850 de
959 3815 1060 3865 qua
1103 3803 1261 3853 Ovid.

208 3877 272 3926 de
295 3879 456 3929 Arte:
508 3879 651 3928 ‘Aut
686 3879 772 3938 ubi
811 3879 1106 3930 muneribus
1150 3881 1263 3931 nati

211 3968 297 4004 sna
320 3970 534 4007 munera
566 3964 735 4006 mater
771 3956 1009 4018 Addidit,
1044 3965 1268 4010 externo

213 4044 460 4082 marmore
503 4032 648 4082 dives
692 4031 858 4097 opus-⁹
923 4035 1265 4086 ‘Muneribus

212 4109 353 4172 nati,'
397 4110 448 4158 id
489 4118 587 4175 eat,
626 4110 829 4161 theatro
882 4111 1139 4175 Marcelli,
1183 4116 1266 4165 cui

212 4182 309 4233 fuit
329 4185 566 4236 Octaviae
591 4187 818 4250 porticu·
842 4190 1101 4252 contigua,
1128 4193 1264 4242 unde

215 4276 321 4311 eain
376 4264 658 4328 ‘porticum
720 4265 973 4315 Marcelli’
1034 4270 1266 4320 nominat

215 4337 412 4392 Festus.
477 4340 715 4406 vestigia
737 4342 847 4405 ejus
869 4342 1003 4393 inter
1028 4344 1082 4394 S.
1108 4346 1158 4395 N
1165 4347 1266 4397 ico-

1342 2717 1479 2766 laum
1503 2715 1556 2765 in
1579 2729 1787 2767 carcere
1822 2720 1877 2765 et
1897 2715 1952 2766 S.
1973 2715 2195 2766 Mariam
2217 2715 2268 2766 in
2294 2732 2409 2782 por-

1343 2794 1471 2857 ticu,
1495 2792 1585 2844 ubi
1607 2793 1750 2843 locus
1790 2806 1856 2841 ex
1882 2793 2044 2842 ruinis
2079 2793 2410 2846 eminentior.

1342 2869 1531 2921 Altera
1570 2877 1746 2920 autem
1780 2871 1877 2920 Cn.
1923 2869 2157 2928 Octavii,
2206 2872 2407 2922 duobus

1342 2946 1631 2998 nominibus
1656 2946 1771 2997 aliia
1790 2947 2070 3011 appellata,
2086 2955 2411 3012 astructnra,

1344 3025 1615 3088 Corinthia,
1632 3041 1663 3075 a
1686 3025 1906 3088 pictura,
1932 3023 2116 3075 Penei.
2156 3027 2290 3077 Nam
2315 3027 2411 3078 Cu.

1350 3102 1609 3153 Octavius
1632 3100 1699 3151 de
1737 3103 1902 3152 Perse
1926 3102 2253 3153 Maccdoniae
2288 3117 2413 3168 rege

1344 3183 1659 3247 triumphum
1703 3195 1880 3247 agens,
1903 3196 1970 3232 ex
2004 3182 2259 3232 manubiis
2296 3197 2411 3233 eatn

1343 3261 1607 3312 condidit:
1643 3267 1699 3312 et
1720 3274 1801 3310 res
1825 3274 1943 3311 anas
1967 3270 2140 3325 gestas
2161 3262 2210 3310 in
2236 3275 2299 3311 ea
2323 3262 2413 3313 de-

1341 3338 1630 3403 pingendas
1654 3338 1880 3398 curavit,
1903 3339 2039 3387 unde
2064 3341 2253 3389 merito
2275 3354 2413 3389 αππα-

1339 3418 1538 3467 nissima
1568 3432 1598 3466 a
1624 3416 1825 3466 Velleio
1863 3415 2106 3478 habetur,
2138 3417 2225 3481 qni
2267 3417 2413 3466 addit

1343 3509 1455 3545 cam
1492 3495 1546 3543 in
1585 3494 1741 3544 Circo
1765 3491 1952 3543 fuisse:
1990 3493 2197 3543 Circum
2223 3493 2411 3544 Flami-

1343 3573 1485 3622 nium
1509 3571 1744 3634 intellige
1767 3581 1835 3619 ex
1870 3569 2062 3634 Plinio,
2100 3577 2158 3619 et
2192 3585 2257 3619 ex
2293 3571 2412 3619 Vic-

1344 3659 1459 3703 tore
1496 3653 1548 3702 in
1591 3654 1804 3714 regione
1825 3652 1875 3698 9.
1955 3651 2154 3698 Extant
2194 3648 2413 3713 vestigia

1340 3731 1478 3781 intra
1502 3730 1667 3779 aedem
1685 3730 1736 3778 S.
1762 3725 1966 3777 Nicolal
1992 3725 2058 3773 de
2080 3724 2336 3786 Calcaria,
2358 3734 2413 3776 et

1343 3810 1526 3861 turrim
1561 3806 1933 3871 Argentinam:
1969 3804 2220 3853 columnae
2260 3806 2411 3855 semi-

1342 3886 1543 3937 obrntae
1600 3899 1717 3935 cum
1783 3881 2040 3946 capitellis
2114 3882 2411 3937 Corinthiis.

1349 3963 1565 4026 Duplex
1603 3960 1965 4013 Columnarum
2002 3957 2129 4006 ordo
2161 3957 2257 4009 fuit
2291 3976 2411 4012 auc-

1348 4042 1547 4093 toribus
1585 4048 1639 4091 et
1679 4039 1852 4090 Plinio
1876 4045 1930 4089 et
1963 4039 2212 4091 Victore:
2250 4057 2410 4107 quare

1348 4122 1548 4186 Duplex
1563 4120 1719 4170 etiam
1738 4117 1896 4168 dicta.
1932 4117 2060 4168 Cum
2080 4126 2218 4169 esset
2242 4120 2411 4173 incen-

1348 4200 1433 4249 dio
1456 4198 1762 4258 deformata,
1796 4196 1846 4244 in
1888 4196 2151 4246 meliorem
2192 4195 2410 4250 sormam

1348 4276 1412 4326 ab
1434 4276 1668 4339 Augusto
1694 4274 1906 4323 reducta
1933 4280 2028 4323 est.
2067 4275 2217 4324 Idem.

1409 4359 1433 4386 ⁰
1471 4352 1701 4418 October]
1733 4350 1981 4416 Suspicor
2003 4350 2280 4416 legendum
2304 4352 2412 4402 Me·
