3020 4853
506 378 602 428 DE
647 370 1057 424 VERBORUM
1107 362 1727 417 SlGNtchTloNss
1779 360 1918 409 Lm.
1971 359 2134 407 XVI.

257 585 266 591 .
324 544 482 592 cum
526 524 644 601 ait,
691 517 1040 603 significat,
1084 514 1203 599 qui
1245 513 1331 578 ob
1374 511 1604 577 vitium
1649 507 2022 574 redhibitus
2068 503 2178 570 sit.

2296 341 2426 408 725

2282 501 2424 567 Ubi

322 631 493 694 irata
521 626 701 692 facta
748 629 878 703 est,
918 638 1176 686 servum
1224 615 1658 701 recepticium
1703 611 1973 690 sectari,
2005 616 2207 694 atque
2235 605 2425 688 flagi-

324 741 467 799 tare
498 731 707 796 virum
728 728 943 812 jubet.

240 837 685 923 Recepticius
729 850 963 899 servus
1004 836 1125 909 est,
1170 828 1288 915 qui
1334 827 1421 892 ob
1463 822 1701 895 vitium
1757 817 2126 885 redhibitus
2156 813 2427 892 [PAUL.

327 948 451 1007 est.

238 1045 580 1130 Receptus
606 1061 755 1107 mos
784 1046 911 1118 est,
934 1058 1134 1129 quem
1157 1055 1285 1103 sua
1309 1038 1549 1118 sponte
1580 1029 1828 1096 civitas
1859 1026 2148 1091 alienum
2175 1016 2425 1106 [FEs'r.

329 1148 644 1216 adscivit.

238 1251 648 1329 Recinium‚⁸
701 1267 896 1314 omne
924 1245 1390 1311 vestimentum
1419 1236 1851 1323 quadratum.
1894 1232 1969 1308 ii,
2016 1228 2135 1315 qui
2181 1223 2432 1290 duode-

329 1360 461 1424 cim
489 1352 902 1438 interpretati
946 1354 1116 1427 sunt,
1146 1366 1302 1411 esse
1343 1344 1656 1409 dixerunt
1687 1338 1944 1404 virilem
1988 1337 2263 1416 togam,³
2298 1343 2435 1412 qua

326 1461 645 1527 mulieres
684 1457 1059 1531 utebantur,
1096 1452 1496 1536 praetextam
1520 1452 1552 1492 ⁴
1601 1444 1798 1511 clavo
1846 1452 2224 1525 purpureo:
2253 1430 2432 1496 unde

326 1564 630 1631 reciniati
686 1560 874 1625 mimi
931 1553 1365 1642 planipedes:
1411 1568 1610 1635 quam
1653 1567 1787 1611 rem
1838 1542 2185 1624 diligenter
2237 1551 2434 1600 exse-

329 1670 550 1754 quitur
572 1668 814 1733 Santra
839 1664 1009 1733 libro
1044 1656 1338 1727 secundo
1367 1655 1452 1720 de
1485 1649 1884 1736 antiquitate
1914 1644 2288 1711 verborum.

232 1772 618 1848 Recinium,
669 1789 866 1835 omne
919 1764 1394 1833 vestimentum
1445 1756 1880 1843 quadratum:
1926 1747 2098 1814 unde
2160 1741 2429 1822 [PAUL-

328 1874 630 1941 reciniati
659 1873 912 1947 mimi.†

1166 2016 1343 2040 &mn

235 2436 350 2493 est,
371 2442 571 2478 servum
588 2422 917 2488 receptitium
936 2417 1121 2471 sectari
1146 2424 1300 2484 atque

234 2507 484 2573 flagitare
508 2505 669 2553 virum
696 2499 887 2567 jubet.'
951 2498 1056 2550 Ubi
1081 2496 1300 2561 pessime

231 2584 459 2634 Verrius
491 2579 856 2644 ‘receptitium
899 2573 1139 2635 servum}
1194 2586 1302 2622 ser·

234 2676 367 2711 vum
390 2659 549 2720 nihili,
576 2657 766 2723 quique
790 2654 856 2705 ob
881 2653 1059 2703 vitium
1077 2647 1302 2700 redhibi-

237 2749 334 2793 tus
357 2738 444 2803 eit,
459 2737 831 2800 interpretatus
850 2737 946 2782 est-
982 2728 1303 2792 Receptitim

235 2817 386 2867 enim
437 2828 616 2863 servus
665 2819 762 2873 est,
812 2822 993 2860 servus
1041 2805 1304 2870 proprius,

239 2907 400 2961 quem
424 2906 535 2942 cum
562 2888 779 2954 pecunia
802 2885 1000 2951 reliqua
1020 2882 1200 2932 mulier
1223 2896 1303 2931 re-

236 2977 478 3034 ceperat,
514 2969 609 3016 hoc
646 2973 742 3020 est,
782 2958 1196 3025 exceperat,sibi
1224 2972 1302 3006 re·

239 3053 568 3099 servaverat.
631 3044 859 3107 Recipere
891 3039 1026 3089 enim
1057 3037 1301 3102 excipere

237 3134 345 3179 eet.
401 3127 574 3176 Plaut.
608 3122 624 3150 ‘
645 3120 961 3174 Posticulum
978 3119 1076 3168 hoc
1102 3119 1302 3182 recepit

236 3219 364 3254 cum
387 3202 523 3253 aedes
548 3199 815 3251 vendidit!
852 3199 1010 3248 Plura
1029 3196 1144 3246 vide
1164 3196 1301 3261 apud

238 3279 388 3344 Geli.
411 3294 526 3343 cap.
549 3283 599 3328 6.
623 3277 712 3327 lib.
736 3289 876 3327 xvn.
914 3274 1044 3324 Dae.

310 3364 334 3391 ⁸
371 3356 642 3420 Recinium]
677 3357 829 3404 Omne
846 3353 1173 3403 vestimentum
1190 3365 1302 3415 qua·

234 3439 451 3507 «tratum,
462 3434 627 3500 inquit
640 3434 782 3484 Fest.
798 3432 894 3481 hoc
911 3438 1011 3493 est,
1025 3429 1300 3480 vestimen·

236 3522 357 3565 tum
381 3525 646 3562 commune
662 3509 784 3558 viris
808 3506 1147 3571 foeminisque,
1165 3503 1301 3570 qued

237 3590 481 3641 firmatur
500 3603 565 3638 ex
578 3587 764 3646 Servio
780 3584 863 3635 lib.
887 3599 925 3633 r.
951 3581 1147 3633 AEneid.
1174 3589 1185 3609 ⁸
1202 3583 1299 3630 To·

241 3666 377 3735 gas‚'
405 3667 592 3732 inquit,
624 3667 639 3693 ‘
665 3665 821 3714 etiam
842 3661 1076 3711 foeminas
1101 3658 1298 3708 habuis-

241 3761 303 3795 se
326 3744 612 3809 Cycladum
631 3748 684 3792 et
712 3740 889 3790 recinii
915 3753 1034 3788 usus
1049 3734 1305 3786 ostendit?

242 3823 322 3872 At
355 3821 406 3869 iu
429 3822 530 3884 leg.
555 3824 630 3868 12.
653 3817 832 3872 Tabul.
852 3814 1101 3866 Recinium
1125 3819 1206 3862 est
1232 3811 1304 3859 vi-

240 3898 358 3949 rilis
384 3905 506 3961 toga
528 3910 629 3961 qua
652 3894 890 3944 mulieres
918 3889 1215 3944 utebantur.
1251 3887 1302 3937 iu

239 3978 393 4025 luctu
415 3973 638 4035 scilicet,
661 3979 840 4023 contra
857 3984 1009 4035 quam
1034 3966 1197 4032 Lycii,
1220 3964 1304 4028 qui

241 4052 300 4101 in
343 4052 488 4101 luctu
535 4056 728 4099 vestem
773 4046 1074 4097 muliebrem
1128 4043 1305 4092 iudue-

241 4117 390 4177 Bam.
452 4125 633 4176 Verba
647 4124 778 4189 legis
801 4128 881 4173 12.
917 4122 1025 4172 tab.
1048 4122 1160 4170 haec
1185 4124 1304 4168 sunt

241 4204 339 4253 nbi
366 4202 433 4254 de
468 4202 722 4253 sumtibus
760 4199 1039 4250 funerum:
1075 4211 1302 4249 suu'ruu

243 4294 515 4334 nmmTo.
533 4292 671 4331 'ram
686 4292 733 4330 ει
755 4289 927 4331 vol-m*
948 4288 1223 4340 attenuat,
1237 4287 1306 4326 ΕΙ·

1345 2012 1523 2034 ‘NOOO

1383 2504 1480 2542 nes
1501 2497 1811 2540 Amnum-o,
1851 2481 1948 2529 hoc
1974 2487 2103 2525 nus
2130 2485 2201 2520 ue
2224 2480 2443 2519 ner-ro.

1381 2566 1484 2618 Ubi
1507 2573 1778 2622 nmmum,
1802 2571 1868 2607 m·
1892 2562 2129 2604 Viscum
2150 2555 2444 2606 ponemus,

1381 2649 1456 2698 nil
1499 2643 1637 2695 aliud
1677 2646 1796 2690 sunt
1826 2649 1980 2702 quam
2014 2634 2030 2661 ‘
2054 2625 2285 2680 Reicinia
2310 2637 2442 2687 prae-

1383 2732 1531 2777 texta
1574 2718 1735 2771 clavis
1771 2706 2083 2781 purpureis,’
2119 2702 2256 2770 quod
2298 2706 2443 2750 recte

1382 2801 1520 2868 apud
1560 2799 1790 2856 Festum,
1820 2791 2048 2852 ‘Togam
2087 2781 2287 2831 virilem
2314 2792 2446 2842 proe·

1383 2887 1581 2932 textam
1627 2874 1776 2924 clavo
1821 2859 2118 2933 purpureo)
2185 2856 2317 2906 Ideo
2355 2869 2447 2903 eu-

1383 2966 1487 3008 tem
1519 2952 1712 3005 recinia
1743 2947 1910 2998 virilia
1943 2942 1995 2992 in
2030 2942 2168 2989 luctu
2203 2933 2445 2984 mulieres

1381 3032 1683 3094 induebant,
1706 3033 1765 3077 ut
1786 3039 1849 3074 ea
1872 3019 1997 3071 viris
2016 3012 2246 3071 mortuis,
2260 3020 2318 3060 nt
2336 3024 2444 3059 mos

1382 3119 1514 3169 erat,
1552 3107 1842 3173 injicerent.
1907 3098 1993 3148 Sic
2028 3091 2168 3160 apud
2201 3090 2348 3153 Virg.
2392 3086 2445 3136 in

1382 3186 1614 3240 Misenc:
1650 3186 1665 3213 ‘
1693 3182 2088 3245 Purpureusque
2130 3181 2287 3231 super
2328 3178 2443 3213 ves-

1383 3278 1481 3332 tes,
1506 3264 1759 3316 velamina
1777 3264 1897 3309 nota
1921 3248 2201 3320 Injiciunt.'
2248 3246 2335 3296 Sic
2351 3245 2448 3294 ita-

1386 3361 1485 3414 que
1509 3345 1591 3394 hic
1610 3336 1848 3402 Pompeii
1864 3335 2009 3384 locus
2027 3340 2180 3378 senus
2205 3330 2302 3372 est.
2344 3320 2449 3368 Ex-

1385 3426 1541 3475 titere
1587 3430 1758 3472 tamen
1805 3413 1890 3480 qui
1939 3424 2057 3460 eum
2109 3405 2182 3453 tta
2223 3396 2446 3463 legendo

1385 3501 1810 3562 corrumperent:
1850 3485 2100 3538 Recinium
2135 3491 2266 3528 omne
2299 3474 2445 3524 vesti-

1381 3583 1587 3629 mentum
1610 3573 1891 3636 quadratum
1922 3564 1962 3612 ii
1994 3562 2075 3624 qui
2109 3553 2349 3606 duodecim
2370 3551 2447 3600 in-

1381 3653 1633 3720 terpretati
1653 3652 1763 3697 sunt
1788 3658 1889 3694 esee
1910 3640 2153 3688 dixerunt.
2200 3633 2302 3679 Ver.
2322 3629 2445 3693 (boc

1381 3741 1462 3782 est
1492 3724 1713 3789 Verrius)
1753 3728 1914 3783 togam
1957 3730 2048 3778 qua
2090 3709 2326 3769 mutieres,
2364 3707 2446 3766 qv.

1380 3806 1483 3856 Vel
1512 3805 1773 3853 sic...em
1797 3796 2019 3844 dixerunt
2050 3789 2123 3838 vel
2154 3785 2342 3834 virilem
2373 3788 2445 3828 to-

1379 3898 1510 3948 gam.
1579 3879 1626 3929 Α
1660 3878 1764 3925 rica
1796 3879 1967 3922 autem
1993 3865 2234 3921 ricinium,
2269 3867 2325 3909 et
2349 3858 2367 3906 i
2390 3857 2444 3904 in

1384 3977 1426 4016 e,
1461 3956 1709 4016 recinium,
1746 3964 1842 3999 non
1877 3959 1998 3996 vero
2038 3958 2069 3992 a
2102 3936 2353 3999 reiciendo,
2388 3939 2448 3981 ut

1384 4039 1550 4086 Varro
1574 4039 1630 4082 et
1649 4027 1859 4080 Servius
1884 4022 1981 4072 rati
2005 4025 2140 4070 sunt.
2174 4013 2311 4063 Vide
2331 4010 2448 4061 ‘Ri-

1386 4111 1482 4164 ca.’
1515 4111 1665 4159 Idem.

1448 4202 1469 4250 †
1495 4190 1631 4241 Unde
1640 4183 1861 4236 reciniati
1883 4177 2037 4243 mimi]
2055 4175 2186 4227 Haec
2203 4170 2361 4223 verba
2381 4166 2449 4218 ad

1384 4268 1652 4336 superiora
1671 4261 1864 4314 habent
1897 4257 2241 4323 anaphoram:
2273 4249 2448 4298 ‘dixe-
