<?xml version="1.0" encoding="UTF-8"?>
<!DOCTYPE html PUBLIC "-//W3C//DTD XHTML 1.0 Transitional//EN"
    "http://www.w3.org/TR/xhtml1/DTD/xhtml1-transitional.dtd">
<html xmlns="http://www.w3.org/1999/xhtml" xml:lang="en" lang="en">
 <head>
  <title>
</title>
<meta http-equiv="Content-Type" content="text/html;charset=utf-8" />
  <meta name='ocr-system' content='tesseract 3.04.00' />
  <meta name='ocr-capabilities' content='ocr_page ocr_carea ocr_par ocr_line ocrx_word'/>
</head>
<body>
  <div class='ocr_page' id='page_1' title='image "./mverriiflacciqu03flacgoog_0711.png"; bbox 0 0 3020 4853; ppageno 0'>
   <div class='ocr_carea' id='block_1_1' title="bbox 479 381 2071 436">
    <p class='ocr_par' dir='ltr' id='par_1_1' title="bbox 479 381 2071 436">
     <span class='ocr_line' id='line_1_1' title="bbox 479 381 2071 436; baseline 0.003 -4"><span class='ocrx_word' id='word_1_1' title='bbox 479 384 577 432; x_wconf 81' lang='lat' dir='ltr'><strong>DE</strong></span> <span class='ocrx_word' id='word_1_2' title='bbox 624 381 1040 434; x_wconf 72' lang='lat' dir='ltr'>VERBORUM</span> <span class='ocrx_word' id='word_1_3' title='bbox 1087 382 1700 435; x_wconf 67' lang='lat' dir='ltr'><strong>smmlvloavlouss</strong></span> <span class='ocrx_word' id='word_1_4' title='bbox 1748 386 1893 434; x_wconf 74' lang='lat' dir='ltr'><strong>Lm.</strong></span> <span class='ocrx_word' id='word_1_5' title='bbox 1941 384 2071 436; x_wconf 81' lang='lat' dir='ltr'><strong>XV·</strong></span> 
     </span>
    </p>
   </div>
   <div class='ocr_carea' id='block_1_2' title="bbox 2235 372 2368 441">
    <p class='ocr_par' dir='ltr' id='par_1_2' title="bbox 2235 372 2368 441">
     <span class='ocr_line' id='line_1_2' title="bbox 2235 372 2368 441; baseline -0.008 0"><span class='ocrx_word' id='word_1_6' title='bbox 2235 372 2368 441; x_wconf 81' lang='lat'><strong>695</strong></span> 
     </span>
    </p>
   </div>
   <div class='ocr_carea' id='block_1_3' title="bbox 209 522 2364 719">
    <p class='ocr_par' dir='ltr' id='par_1_3' title="bbox 209 522 2364 719">
     <span class='ocr_line' id='line_1_3' title="bbox 209 522 2364 617; baseline 0.001 -21"><span class='ocrx_word' id='word_1_7' title='bbox 209 528 779 616; x_wconf 83' lang='lat' dir='ltr'><strong>Quadruplatores</strong></span> <span class='ocrx_word' id='word_1_8' title='bbox 799 526 828 566; x_wconf 56' lang='grc' dir='ltr'><em>ἀ</em></span> <span class='ocrx_word' id='word_1_9' title='bbox 859 528 1274 608; x_wconf 80' lang='lat' dir='ltr'>dicebantur,</span> <span class='ocrx_word' id='word_1_10' title='bbox 1297 528 1417 614; x_wconf 91' lang='lat' dir='ltr'><strong>qui</strong></span> <span class='ocrx_word' id='word_1_11' title='bbox 1444 548 1528 595; x_wconf 88' lang='lat' dir='ltr'><strong>eo</strong></span> <span class='ocrx_word' id='word_1_12' title='bbox 1550 536 1818 614; x_wconf 78' lang='lat' dir='ltr'><strong>quaestu</strong></span> <span class='ocrx_word' id='word_1_13' title='bbox 1834 550 1910 596; x_wconf 88' lang='lat' dir='ltr'><strong>se</strong></span> <span class='ocrx_word' id='word_1_14' title='bbox 1928 522 2075 597; x_wconf 87' lang='lat' dir='ltr'><strong>tue-</strong></span> <span class='ocrx_word' id='word_1_15' title='bbox 2093 532 2289 617; x_wconf 76' lang='lat' dir='ltr'><strong>[Pan</strong></span> <span class='ocrx_word' id='word_1_16' title='bbox 2302 551 2364 599; x_wconf 71' lang='lat' dir='ltr'><strong>t..</strong></span> 
     </span>
     <span class='ocr_line' id='line_1_4' title="bbox 285 633 2362 719; baseline 0.002 -23"><span class='ocrx_word' id='word_1_17' title='bbox 285 633 539 707; x_wconf 78' lang='lat' dir='ltr'><strong>bantur,</strong></span> <span class='ocrx_word' id='word_1_18' title='bbox 584 637 658 697; x_wconf 89' lang='lat' dir='ltr'><strong>ut</strong></span> <span class='ocrx_word' id='word_1_19' title='bbox 701 650 823 697; x_wconf 84' lang='lat' dir='ltr'><strong>eas</strong></span> <span class='ocrx_word' id='word_1_20' title='bbox 878 651 987 698; x_wconf 89' lang='lat' dir='ltr'><strong>res</strong></span> <span class='ocrx_word' id='word_1_21' title='bbox 1035 638 1603 718; x_wconf 78' lang='lat' dir='ltr'><strong>persequerentur,</strong></span> <span class='ocrx_word' id='word_1_22' title='bbox 1645 652 1924 718; x_wconf 88' lang='lat' dir='ltr'><strong>quarum</strong></span> <span class='ocrx_word' id='word_1_23' title='bbox 1970 652 2061 700; x_wconf 80' lang='lat' dir='ltr'><strong>ex</strong></span> <span class='ocrx_word' id='word_1_24' title='bbox 2100 635 2362 719; x_wconf 86' lang='lat' dir='ltr'><strong>legibus</strong></span> 
     </span>
    </p>
   </div>
   <div class='ocr_carea' id='block_1_4' title="bbox 215 733 1021 820">
    <p class='ocr_par' dir='ltr' id='par_1_4' title="bbox 215 733 1021 820">
     <span class='ocr_line' id='line_1_5' title="bbox 215 733 1021 820; baseline 0.006 -24"><span class='ocrx_word' id='word_1_25' title='bbox 215 790 222 795; x_wconf 86' lang='grc'><em>,</em></span> <span class='ocrx_word' id='word_1_26' title='bbox 281 733 621 820; x_wconf 82' lang='lat' dir='ltr'><strong>quadrupli</strong></span> <span class='ocrx_word' id='word_1_27' title='bbox 650 741 795 801; x_wconf 83' lang='lat' dir='ltr'><strong>erat</strong></span> <span class='ocrx_word' id='word_1_28' title='bbox 822 735 1021 805; x_wconf 79' lang='lat' dir='ltr'><strong>actio·</strong></span> 
     </span>
    </p>
   </div>
   <div class='ocr_carea' id='block_1_5' title="bbox 209 836 2370 1131">
    <p class='ocr_par' dir='ltr' id='par_1_5' title="bbox 209 836 2370 1131">
     <span class='ocr_line' id='line_1_6' title="bbox 1026 836 2361 956; baseline 0.001 -51"><span class='ocrx_word' id='word_1_29' title='bbox 1026 943 1041 956; x_wconf 34' lang='lat'><em>⁶</em></span> <span class='ocrx_word' id='word_1_30' title='bbox 1220 839 1503 924; x_wconf 68' lang='lat' dir='ltr'><strong>populo0</strong></span> <span class='ocrx_word' id='word_1_31' title='bbox 1583 884 1598 902; x_wconf 92' lang='lat'><strong>.</strong></span> <span class='ocrx_word' id='word_1_32' title='bbox 2063 836 2361 923; x_wconf 81' lang='lat' dir='ltr'><strong>.[Fsss·1·.</strong></span> 
     </span>
     <span class='ocr_line' id='line_1_7' title="bbox 285 960 2370 1007; baseline 0.002 -6"><span class='ocrx_word' id='word_1_33' title='bbox 285 986 301 1001; x_wconf 92' lang='lat'><strong>.</strong></span> <span class='ocrx_word' id='word_1_34' title='bbox 471 986 487 1005; x_wconf 91' lang='lat'><strong>.</strong></span> <span class='ocrx_word' id='word_1_35' title='bbox 1021 962 1090 1006; x_wconf 76' lang='lat' dir='ltr'><strong>ia</strong></span> <span class='ocrx_word' id='word_1_36' title='bbox 1119 960 1203 1007; x_wconf 86' lang='lat' dir='ltr'><strong>ea</strong></span> <span class='ocrx_word' id='word_1_37' title='bbox 1289 986 1307 1005; x_wconf 85' lang='lat'><strong>.</strong></span> <span class='ocrx_word' id='word_1_38' title='bbox 2068 990 2084 1005; x_wconf 93' lang='lat'><strong>.</strong></span> <span class='ocrx_word' id='word_1_39' title='bbox 2351 989 2370 1006; x_wconf 89' lang='lat'><strong>.</strong></span> 
     </span>
     <span class='ocr_line' id='line_1_8' title="bbox 209 1040 2364 1131; baseline 0.002 -26"><span class='ocrx_word' id='word_1_40' title='bbox 209 1110 210 1115; x_wconf 52' lang='grc'>,</span> <span class='ocrx_word' id='word_1_41' title='bbox 278 1042 349 1106; x_wconf 90' lang='lat' dir='ltr'><strong>in</strong></span> <span class='ocrx_word' id='word_1_42' title='bbox 379 1040 602 1126; x_wconf 89' lang='lat' dir='ltr'><strong>legum</strong></span> <span class='ocrx_word' id='word_1_43' title='bbox 667 1088 683 1105; x_wconf 90' lang='lat'><strong>.</strong></span> <span class='ocrx_word' id='word_1_44' title='bbox 2060 1094 2079 1111; x_wconf 90' lang='lat'><strong>.</strong></span> <span class='ocrx_word' id='word_1_45' title='bbox 2123 1043 2364 1131; x_wconf 88' lang='lat' dir='ltr'><strong>populi</strong></span> 
     </span>
    </p>
   </div>
   <div class='ocr_carea' id='block_1_6' title="bbox 281 1142 687 1209">
    <p class='ocr_par' dir='ltr' id='par_1_6' title="bbox 281 1142 687 1209">
     <span class='ocr_line' id='line_1_9' title="bbox 281 1142 687 1209; baseline 0 0"><span class='ocrx_word' id='word_1_46' title='bbox 281 1142 606 1209; x_wconf 78' lang='lat' dir='ltr'><strong>dominata</strong></span> <span class='ocrx_word' id='word_1_47' title='bbox 670 1191 687 1209; x_wconf 92' lang='lat'><strong>.</strong></span> 
     </span>
    </p>
   </div>
   <div class='ocr_carea' id='block_1_7' title="bbox 202 1191 2374 1435">
    <p class='ocr_par' dir='ltr' id='par_1_7' title="bbox 202 1191 2374 1435">
     <span class='ocr_line' id='line_1_10' title="bbox 202 1191 2369 1337; baseline 0.001 -26"><span class='ocrx_word' id='word_1_48' title='bbox 202 1244 657 1327; x_wconf 83' lang='lat' dir='ltr'><strong>Quadrurbem</strong></span> <span class='ocrx_word' id='word_1_49' title='bbox 684 1244 987 1315; x_wconf 78' lang='lat' dir='ltr'><strong>Athenas</strong></span> <span class='ocrx_word' id='word_1_50' title='bbox 1009 1246 1031 1287; x_wconf 71' lang='lat' dir='ltr'>f</span> <span class='ocrx_word' id='word_1_51' title='bbox 1069 1195 1297 1316; x_wconf 79' lang='lat' dir='ltr'><strong>Attius</strong></span> <span class='ocrx_word' id='word_1_52' title='bbox 1345 1194 1744 1336; x_wconf 74' lang='lat' dir='ltr'><strong>appellavit,</strong></span> <span class='ocrx_word' id='word_1_53' title='bbox 1774 1194 1954 1337; x_wconf 77' lang='lat' dir='ltr'><strong>quod</strong></span> <span class='ocrx_word' id='word_1_54' title='bbox 1983 1191 2249 1318; x_wconf 79' lang='lat' dir='ltr'><strong>scilicet</strong></span> <span class='ocrx_word' id='word_1_55' title='bbox 2276 1191 2369 1316; x_wconf 56' lang='lat' dir='ltr'><strong>eat</strong></span> 
     </span>
     <span class='ocr_line' id='line_1_11' title="bbox 279 1350 2374 1435; baseline 0 -16"><span class='ocrx_word' id='word_1_56' title='bbox 279 1356 567 1434; x_wconf 83' lang='lat' dir='ltr'><strong>quatuor</strong></span> <span class='ocrx_word' id='word_1_57' title='bbox 613 1350 888 1417; x_wconf 87' lang='lat' dir='ltr'><strong>urbibus</strong></span> <span class='ocrx_word' id='word_1_58' title='bbox 944 1352 1012 1418; x_wconf 91' lang='lat' dir='ltr'><strong>in</strong></span> <span class='ocrx_word' id='word_1_59' title='bbox 1061 1372 1263 1420; x_wconf 88' lang='lat' dir='ltr'><strong>unam</strong></span> <span class='ocrx_word' id='word_1_60' title='bbox 1305 1352 1650 1422; x_wconf 83' lang='lat' dir='ltr'><strong>domicilia</strong></span> <span class='ocrx_word' id='word_1_61' title='bbox 1686 1354 2126 1435; x_wconf 88' lang='lat' dir='ltr'><strong>contulerunt,</strong></span> <span class='ocrx_word' id='word_1_62' title='bbox 2165 1354 2374 1420; x_wconf 88' lang='lat' dir='ltr'><strong>Brau-</strong></span> 
     </span>
    </p>
   </div>
   <div class='ocr_carea' id='block_1_8' title="bbox 199 1453 2377 1749">
    <p class='ocr_par' dir='ltr' id='par_1_8' title="bbox 199 1453 2377 1749">
     <span class='ocr_line' id='line_1_12' title="bbox 280 1453 1404 1536; baseline 0.002 -17"><span class='ocrx_word' id='word_1_63' title='bbox 280 1473 463 1532; x_wconf 91' lang='lat' dir='ltr'><strong>rone,</strong></span> <span class='ocrx_word' id='word_1_64' title='bbox 494 1453 827 1534; x_wconf 84' lang='lat' dir='ltr'><strong>Eleusine,</strong></span> <span class='ocrx_word' id='word_1_65' title='bbox 851 1455 1140 1536; x_wconf 80' lang='lat' dir='ltr'><strong>Pireae0,</strong></span> <span class='ocrx_word' id='word_1_66' title='bbox 1172 1458 1404 1523; x_wconf 90' lang='lat' dir='ltr'><strong>Sunio.</strong></span> 
     </span>
     <span class='ocr_line' id='line_1_13' title="bbox 199 1553 2375 1644; baseline -0.001 -21"><span class='ocrx_word' id='word_1_67' title='bbox 199 1553 512 1635; x_wconf 74' lang='lat' dir='ltr'><strong>Quaeso,⁸</strong></span> <span class='ocrx_word' id='word_1_68' title='bbox 550 1563 630 1623; x_wconf 90' lang='lat' dir='ltr'><strong>ut</strong></span> <span class='ocrx_word' id='word_1_69' title='bbox 653 1556 992 1640; x_wconf 79' lang='lat' dir='ltr'><strong>significat</strong></span> <span class='ocrx_word' id='word_1_70' title='bbox 1018 1558 1196 1624; x_wconf 88' lang='lat' dir='ltr'><strong>idem</strong></span> <span class='ocrx_word' id='word_1_71' title='bbox 1226 1560 1410 1644; x_wconf 90' lang='lat' dir='ltr'><strong>quod</strong></span> <span class='ocrx_word' id='word_1_72' title='bbox 1439 1579 1624 1644; x_wconf 87' lang='lat' dir='ltr'><strong>rogo,</strong></span> <span class='ocrx_word' id='word_1_73' title='bbox 1653 1561 1754 1626; x_wconf 84' lang='lat' dir='ltr'><strong>ita</strong></span> <span class='ocrx_word' id='word_1_74' title='bbox 1775 1578 2074 1644; x_wconf 63' lang='lat' dir='ltr'><strong>quaesere</strong></span> <span class='ocrx_word' id='word_1_75' title='bbox 2101 1559 2375 1644; x_wconf 87' lang='lat' dir='ltr'><strong>ponitur</strong></span> 
     </span>
     <span class='ocr_line' id='line_1_14' title="bbox 281 1658 2377 1749; baseline 0.001 -25"><span class='ocrx_word' id='word_1_76' title='bbox 281 1658 367 1725; x_wconf 84' lang='lat' dir='ltr'><strong>ab</strong></span> <span class='ocrx_word' id='word_1_77' title='bbox 419 1660 719 1744; x_wconf 81' lang='lat' dir='ltr'><strong>antiquis</strong></span> <span class='ocrx_word' id='word_1_78' title='bbox 763 1681 884 1745; x_wconf 90' lang='lat' dir='ltr'><strong>pro</strong></span> <span class='ocrx_word' id='word_1_79' title='bbox 913 1680 1227 1746; x_wconf 74' lang='lat' dir='ltr'><strong>quaerere,</strong></span> <span class='ocrx_word' id='word_1_80' title='bbox 1258 1669 1331 1728; x_wconf 85' lang='lat' dir='ltr'><strong>ut</strong></span> <span class='ocrx_word' id='word_1_81' title='bbox 1356 1669 1460 1730; x_wconf 84' lang='lat' dir='ltr'><strong>est</strong></span> <span class='ocrx_word' id='word_1_82' title='bbox 1507 1663 1686 1749; x_wconf 85' lang='lat' dir='ltr'><strong>apud</strong></span> <span class='ocrx_word' id='word_1_83' title='bbox 1726 1662 2006 1728; x_wconf 88' lang='lat' dir='ltr'><strong>Ennium</strong></span> <span class='ocrx_word' id='word_1_84' title='bbox 2052 1661 2223 1729; x_wconf 86' lang='lat' dir='ltr'><strong>libro</strong></span> <span class='ocrx_word' id='word_1_85' title='bbox 2269 1680 2377 1727; x_wconf 83' lang='lat' dir='ltr'><strong>se-</strong></span> 
     </span>
    </p>
   </div>
   <div class='ocr_carea' id='block_1_9' title="bbox 1174 1866 1469 1933">
    <p class='ocr_par' dir='ltr' id='par_1_9' title="bbox 1174 1866 1469 1933">
     <span class='ocr_line' id='line_1_15' title="bbox 1174 1866 1469 1933; baseline 0.003 -2"><span class='ocrx_word' id='word_1_86' title='bbox 1174 1877 1388 1933; x_wconf 74' lang='lat' dir='ltr'>NOTAE</span> <span class='ocrx_word' id='word_1_87' title='bbox 1461 1866 1469 1872; x_wconf 58' lang='grc'><em>’</em></span> 
     </span>
    </p>
   </div>
   <div class='ocr_carea' id='block_1_10' title="bbox 171 1993 1283 4440">
    <p class='ocr_par' dir='ltr' id='par_1_10' title="bbox 171 1993 1283 4440">
     <span class='ocr_line' id='line_1_16' title="bbox 190 1993 1248 2061; baseline 0.001 -16"><span class='ocrx_word' id='word_1_88' title='bbox 190 1999 323 2047; x_wconf 83' lang='lat' dir='ltr'><strong>tant.</strong></span> <span class='ocrx_word' id='word_1_89' title='bbox 389 1996 466 2047; x_wconf 80' lang='lat' dir='ltr'><strong>Et</strong></span> <span class='ocrx_word' id='word_1_90' title='bbox 510 1994 576 2045; x_wconf 88' lang='lat' dir='ltr'><strong>de</strong></span> <span class='ocrx_word' id='word_1_91' title='bbox 613 1995 781 2054; x_wconf 85' lang='lat' dir='ltr'><strong>Tatio,</strong></span> <span class='ocrx_word' id='word_1_92' title='bbox 813 1995 999 2061; x_wconf 82' lang='lat' dir='ltr'><strong>iuquit,</strong></span> <span class='ocrx_word' id='word_1_93' title='bbox 1027 1993 1248 2047; x_wconf 77' lang='lat' dir='ltr'><strong>fortasse</strong></span> 
     </span>
     <span class='ocr_line' id='line_1_17' title="bbox 194 2070 1250 2139; baseline 0.002 -18"><span class='ocrx_word' id='word_1_94' title='bbox 194 2070 525 2137; x_wconf 80' lang='lat' dir='ltr'><strong>loquebatur,</strong></span> <span class='ocrx_word' id='word_1_95' title='bbox 577 2072 688 2139; x_wconf 80' lang='lat' dir='ltr'><strong>qui,</strong></span> <span class='ocrx_word' id='word_1_96' title='bbox 749 2082 864 2124; x_wconf 87' lang='lat' dir='ltr'><strong>cum</strong></span> <span class='ocrx_word' id='word_1_97' title='bbox 914 2072 1250 2136; x_wconf 86' lang='lat' dir='ltr'><strong>Capitolium,</strong></span> 
     </span>
     <span class='ocr_line' id='line_1_18' title="bbox 194 2146 1253 2212; baseline 0.004 -18"><span class='ocrx_word' id='word_1_98' title='bbox 194 2147 330 2209; x_wconf 85' lang='lat' dir='ltr'><strong>quod</strong></span> <span class='ocrx_word' id='word_1_99' title='bbox 371 2146 439 2197; x_wconf 88' lang='lat' dir='ltr'><strong>ab</strong></span> <span class='ocrx_word' id='word_1_100' title='bbox 482 2146 631 2197; x_wconf 87' lang='lat' dir='ltr'><strong>initio</strong></span> <span class='ocrx_word' id='word_1_101' title='bbox 671 2155 903 2212; x_wconf 86' lang='lat' dir='ltr'><strong>ceperat,</strong></span> <span class='ocrx_word' id='word_1_102' title='bbox 939 2157 1163 2212; x_wconf 86' lang='lat' dir='ltr'><strong>teneret,</strong></span> <span class='ocrx_word' id='word_1_103' title='bbox 1195 2156 1253 2199; x_wconf 86' lang='lat' dir='ltr'><strong>et</strong></span> 
     </span>
     <span class='ocr_line' id='line_1_19' title="bbox 194 2222 1254 2286; baseline 0 -11"><span class='ocrx_word' id='word_1_104' title='bbox 194 2222 522 2275; x_wconf 70' lang='lat' dir='ltr'><strong>Quirinalem</strong></span> <span class='ocrx_word' id='word_1_105' title='bbox 576 2222 779 2286; x_wconf 82' lang='lat' dir='ltr'><strong>collem,</strong></span> <span class='ocrx_word' id='word_1_106' title='bbox 821 2224 977 2274; x_wconf 83' lang='lat' dir='ltr'><strong>etiam</strong></span> <span class='ocrx_word' id='word_1_107' title='bbox 1027 2223 1254 2275; x_wconf 81' lang='lat' dir='ltr'><strong>Palatini</strong></span> 
     </span>
     <span class='ocr_line' id='line_1_20' title="bbox 191 2299 1257 2366; baseline 0.003 -17"><span class='ocrx_word' id='word_1_108' title='bbox 191 2301 404 2362; x_wconf 67' lang='lat' dir='ltr'><strong>monis,</strong></span> <span class='ocrx_word' id='word_1_109' title='bbox 425 2300 484 2350; x_wconf 84' lang='lat' dir='ltr'><strong>in</strong></span> <span class='ocrx_word' id='word_1_110' title='bbox 518 2314 619 2366; x_wconf 85' lang='lat' dir='ltr'><strong>quo</strong></span> <span class='ocrx_word' id='word_1_111' title='bbox 641 2299 805 2350; x_wconf 85' lang='lat' dir='ltr'><strong>Roma</strong></span> <span class='ocrx_word' id='word_1_112' title='bbox 824 2299 1078 2366; x_wconf 84' lang='lat' dir='ltr'><strong>quadrata</strong></span> <span class='ocrx_word' id='word_1_113' title='bbox 1096 2308 1152 2352; x_wconf 90' lang='lat' dir='ltr'><strong>et</strong></span> <span class='ocrx_word' id='word_1_114' title='bbox 1175 2315 1257 2351; x_wconf 77' lang='lat' dir='ltr'><strong>re·</strong></span> 
     </span>
     <span class='ocr_line' id='line_1_21' title="bbox 192 2376 1256 2444; baseline 0 -15"><span class='ocrx_word' id='word_1_115' title='bbox 192 2377 275 2443; x_wconf 77' lang='lat' dir='ltr'><strong>gia</strong></span> <span class='ocrx_word' id='word_1_116' title='bbox 298 2376 537 2443; x_wconf 81' lang='lat' dir='ltr'><strong>Romuli,</strong></span> <span class='ocrx_word' id='word_1_117' title='bbox 558 2377 711 2430; x_wconf 82' lang='lat' dir='ltr'><strong>armis</strong></span> <span class='ocrx_word' id='word_1_118' title='bbox 746 2391 804 2426; x_wconf 84' lang='lat' dir='ltr'><strong>se</strong></span> <span class='ocrx_word' id='word_1_119' title='bbox 825 2378 1112 2443; x_wconf 85' lang='lat' dir='ltr'><strong>potiturum</strong></span> <span class='ocrx_word' id='word_1_120' title='bbox 1134 2392 1256 2444; x_wconf 84' lang='lat' dir='ltr'><strong>spe-</strong></span> 
     </span>
     <span class='ocr_line' id='line_1_22' title="bbox 191 2456 1257 2521; baseline 0.001 -14"><span class='ocrx_word' id='word_1_121' title='bbox 191 2457 361 2508; x_wconf 88' lang='lat' dir='ltr'><strong>rabat.</strong></span> <span class='ocrx_word' id='word_1_122' title='bbox 412 2458 463 2510; x_wconf 74' lang='lat' dir='ltr'><strong>A</strong></span> <span class='ocrx_word' id='word_1_123' title='bbox 490 2462 642 2521; x_wconf 89' lang='lat' dir='ltr'><strong>parte</strong></span> <span class='ocrx_word' id='word_1_124' title='bbox 664 2456 821 2520; x_wconf 80' lang='lat' dir='ltr'><strong>igitur</strong></span> <span class='ocrx_word' id='word_1_125' title='bbox 842 2463 1007 2507; x_wconf 86' lang='lat' dir='ltr'><strong>totum</strong></span> <span class='ocrx_word' id='word_1_126' title='bbox 1031 2465 1257 2509; x_wconf 83' lang='lat' dir='ltr'><strong>montem</strong></span> 
     </span>
     <span class='ocr_line' id='line_1_23' title="bbox 189 2531 1128 2596; baseline -0.002 -11"><span class='ocrx_word' id='word_1_127' title='bbox 189 2533 466 2585; x_wconf 80' lang='lat' dir='ltr'><strong>intellexit</strong></span> <span class='ocrx_word' id='word_1_128' title='bbox 487 2531 750 2596; x_wconf 65' lang='lat' dir='ltr'><strong>poetarum</strong></span> <span class='ocrx_word' id='word_1_129' title='bbox 781 2545 943 2582; x_wconf 87' lang='lat' dir='ltr'><strong>more.</strong></span> <span class='ocrx_word' id='word_1_130' title='bbox 977 2531 1128 2583; x_wconf 65' lang='lat' dir='ltr'><strong>Iden.</strong></span> 
     </span>
     <span class='ocr_line' id='line_1_24' title="bbox 195 2607 1263 2674; baseline 0 -13"><span class='ocrx_word' id='word_1_131' title='bbox 195 2663 198 2664; x_wconf 7' lang='lat' dir='ltr'><strong>a</strong></span> <span class='ocrx_word' id='word_1_132' title='bbox 229 2663 236 2670; x_wconf 70' lang='lat'>‚</span> <span class='ocrx_word' id='word_1_133' title='bbox 261 2607 288 2643; x_wconf 62' lang='grc' dir='ltr'><strong>ἅ</strong></span> <span class='ocrx_word' id='word_1_134' title='bbox 328 2608 768 2674; x_wconf 67' lang='lat' dir='ltr'><strong>Qun-duplatam]</strong></span> <span class='ocrx_word' id='word_1_135' title='bbox 815 2608 1042 2661; x_wconf 77' lang='lat' dir='ltr'><strong>vidend.</strong></span> <span class='ocrx_word' id='word_1_136' title='bbox 1072 2608 1263 2661; x_wconf 83' lang='lat' dir='ltr'><strong>Ascou.</strong></span> 
     </span>
     <span class='ocr_line' id='line_1_25' title="bbox 195 2685 1264 2760; baseline 0.002 -24"><span class='ocrx_word' id='word_1_137' title='bbox 195 2685 249 2736; x_wconf 89' lang='lat' dir='ltr'><strong>in</strong></span> <span class='ocrx_word' id='word_1_138' title='bbox 272 2685 500 2760; x_wconf 76' lang='lat' dir='ltr'><strong>divinat.</strong></span> <span class='ocrx_word' id='word_1_139' title='bbox 523 2692 581 2735; x_wconf 88' lang='lat' dir='ltr'><strong>et</strong></span> <span class='ocrx_word' id='word_1_140' title='bbox 601 2685 692 2737; x_wconf 87' lang='lat' dir='ltr'><strong>lib.</strong></span> <span class='ocrx_word' id='word_1_141' title='bbox 717 2699 799 2737; x_wconf 81' lang='grc' dir='ltr'><strong>ιν.</strong></span> <span class='ocrx_word' id='word_1_142' title='bbox 846 2686 1111 2738; x_wconf 86' lang='lat' dir='ltr'><strong>Verrinar.</strong></span> <span class='ocrx_word' id='word_1_143' title='bbox 1142 2686 1264 2738; x_wconf 75' lang='lat' dir='ltr'><strong>Ant.</strong></span> 
     </span>
     <span class='ocr_line' id='line_1_26' title="bbox 264 2835 1265 2902; baseline 0 -13"><span class='ocrx_word' id='word_1_144' title='bbox 264 2836 699 2902; x_wconf 62' lang='lat' dir='ltr'><strong>Quodn-aptatam}</strong></span> <span class='ocrx_word' id='word_1_145' title='bbox 752 2835 943 2889; x_wconf 80' lang='lat' dir='ltr'><strong>Aacon.</strong></span> <span class='ocrx_word' id='word_1_146' title='bbox 1002 2838 1265 2889; x_wconf 77' lang='lat' dir='ltr'><strong>Pedianus</strong></span> 
     </span>
     <span class='ocr_line' id='line_1_27' title="bbox 189 2911 1268 2977; baseline -0.003 -11"><span class='ocrx_word' id='word_1_147' title='bbox 189 2915 243 2966; x_wconf 90' lang='lat' dir='ltr'><strong>in</strong></span> <span class='ocrx_word' id='word_1_148' title='bbox 256 2914 489 2966; x_wconf 82' lang='lat' dir='ltr'><strong>divinat.</strong></span> <span class='ocrx_word' id='word_1_149' title='bbox 509 2915 526 2943; x_wconf 84' lang='lat'>‘</span> <span class='ocrx_word' id='word_1_150' title='bbox 545 2911 989 2977; x_wconf 82' lang='lat' dir='ltr'><strong>Quadruplatores</strong></span> <span class='ocrx_word' id='word_1_151' title='bbox 1001 2919 1151 2968; x_wconf 88' lang='lat' dir='ltr'><strong>erant</strong></span> <span class='ocrx_word' id='word_1_152' title='bbox 1166 2914 1268 2964; x_wconf 87' lang='lat' dir='ltr'><strong>cri-</strong></span> 
     </span>
     <span class='ocr_line' id='line_1_28' title="bbox 194 2979 1270 3057; baseline -0.002 -15"><span class='ocrx_word' id='word_1_153' title='bbox 194 2979 398 3043; x_wconf 80' lang='lat' dir='ltr'><strong>minum</strong></span> <span class='ocrx_word' id='word_1_154' title='bbox 442 2989 791 3057; x_wconf 82' lang='lat' dir='ltr'><strong>publicorum,</strong></span> <span class='ocrx_word' id='word_1_155' title='bbox 818 2990 873 3043; x_wconf 90' lang='lat' dir='ltr'><strong>in</strong></span> <span class='ocrx_word' id='word_1_156' title='bbox 907 3004 1010 3054; x_wconf 88' lang='lat' dir='ltr'><strong>qua</strong></span> <span class='ocrx_word' id='word_1_157' title='bbox 1040 3004 1098 3041; x_wconf 89' lang='lat' dir='ltr'><strong>re</strong></span> <span class='ocrx_word' id='word_1_158' title='bbox 1118 3005 1270 3056; x_wconf 86' lang='lat' dir='ltr'><strong>quar-</strong></span> 
     </span>
     <span class='ocr_line' id='line_1_29' title="bbox 203 3067 1271 3135; baseline -0.003 -14"><span class='ocrx_word' id='word_1_159' title='bbox 203 3079 313 3122; x_wconf 88' lang='lat' dir='ltr'><strong>tam</strong></span> <span class='ocrx_word' id='word_1_160' title='bbox 339 3077 555 3135; x_wconf 80' lang='lat' dir='ltr'><strong>partem</strong></span> <span class='ocrx_word' id='word_1_161' title='bbox 579 3067 645 3117; x_wconf 85' lang='lat' dir='ltr'><strong>de</strong></span> <span class='ocrx_word' id='word_1_162' title='bbox 667 3068 1071 3132; x_wconf 81' lang='lat' dir='ltr'><strong>proscriptorum</strong></span> <span class='ocrx_word' id='word_1_163' title='bbox 1104 3068 1271 3130; x_wconf 86' lang='lat' dir='ltr'><strong>bonis,</strong></span> 
     </span>
     <span class='ocr_line' id='line_1_30' title="bbox 194 3143 1271 3214; baseline -0.004 -15"><span class='ocrx_word' id='word_1_164' title='bbox 194 3162 330 3214; x_wconf 89' lang='lat' dir='ltr'><strong>quos</strong></span> <span class='ocrx_word' id='word_1_165' title='bbox 351 3148 679 3208; x_wconf 84' lang='lat' dir='ltr'><strong>detulerant,</strong></span> <span class='ocrx_word' id='word_1_166' title='bbox 695 3143 1117 3211; x_wconf 66' lang='lat' dir='ltr'><strong>assequebantur.</strong></span> <span class='ocrx_word' id='word_1_167' title='bbox 1164 3145 1271 3195; x_wconf 83' lang='lat' dir='ltr'><strong>Alii</strong></span> 
     </span>
     <span class='ocr_line' id='line_1_31' title="bbox 193 3221 1270 3290; baseline -0.003 -15"><span class='ocrx_word' id='word_1_168' title='bbox 193 3225 383 3278; x_wconf 86' lang='lat' dir='ltr'><strong>dicunt</strong></span> <span class='ocrx_word' id='word_1_169' title='bbox 439 3221 873 3290; x_wconf 81' lang='lat' dir='ltr'><strong>quadruplatores</strong></span> <span class='ocrx_word' id='word_1_170' title='bbox 924 3234 1040 3271; x_wconf 80' lang='lat' dir='ltr'><strong>esse</strong></span> <span class='ocrx_word' id='word_1_171' title='bbox 1093 3235 1270 3273; x_wconf 88' lang='lat' dir='ltr'><strong>eorum</strong></span> 
     </span>
     <span class='ocr_line' id='line_1_32' title="bbox 195 3297 1270 3364; baseline -0.004 -12"><span class='ocrx_word' id='word_1_172' title='bbox 195 3314 413 3355; x_wconf 78' lang='lat' dir='ltr'><strong>reorum</strong></span> <span class='ocrx_word' id='word_1_173' title='bbox 437 3306 771 3354; x_wconf 65' lang='lat' dir='ltr'><strong>accusatores</strong></span> <span class='ocrx_word' id='word_1_174' title='bbox 794 3298 883 3364; x_wconf 88' lang='lat' dir='ltr'><strong>qui</strong></span> <span class='ocrx_word' id='word_1_175' title='bbox 896 3297 1122 3349; x_wconf 79' lang='lat' dir='ltr'><strong>convicti</strong></span> <span class='ocrx_word' id='word_1_176' title='bbox 1145 3313 1270 3364; x_wconf 89' lang='lat' dir='ltr'><strong>qua-</strong></span> 
     </span>
     <span class='ocr_line' id='line_1_33' title="bbox 194 3376 1274 3444; baseline -0.006 -13"><span class='ocrx_word' id='word_1_177' title='bbox 194 3378 380 3444; x_wconf 86' lang='lat' dir='ltr'><strong>drupli</strong></span> <span class='ocrx_word' id='word_1_178' title='bbox 406 3376 649 3428; x_wconf 88' lang='lat' dir='ltr'><strong>damnari</strong></span> <span class='ocrx_word' id='word_1_179' title='bbox 670 3376 902 3426; x_wconf 82' lang='lat' dir='ltr'><strong>soleant:</strong></span> <span class='ocrx_word' id='word_1_180' title='bbox 939 3382 996 3425; x_wconf 85' lang='lat' dir='ltr'><strong>ut</strong></span> <span class='ocrx_word' id='word_1_181' title='bbox 1030 3376 1160 3427; x_wconf 67' lang='lat' dir='ltr'><strong>aleo</strong></span> <span class='ocrx_word' id='word_1_182' title='bbox 1181 3380 1274 3425; x_wconf 84' lang='lat' dir='ltr'><strong>aut</strong></span> 
     </span>
     <span class='ocr_line' id='line_1_34' title="bbox 191 3451 1273 3524; baseline -0.007 -14"><span class='ocrx_word' id='word_1_183' title='bbox 191 3458 442 3524; x_wconf 66' lang='lat' dir='ltr'><strong>pecunie</strong></span> <span class='ocrx_word' id='word_1_184' title='bbox 466 3452 795 3519; x_wconf 74' lang='lat' dir='ltr'><strong>gravioribus</strong></span> <span class='ocrx_word' id='word_1_185' title='bbox 813 3452 980 3503; x_wconf 84' lang='lat' dir='ltr'><strong>usuris</strong></span> <span class='ocrx_word' id='word_1_186' title='bbox 1007 3451 1273 3504; x_wconf 71' lang='lat' dir='ltr'><strong>foeneratn</strong></span> 
     </span>
     <span class='ocr_line' id='line_1_35' title="bbox 195 3528 1272 3601; baseline -0.006 -17"><span class='ocrx_word' id='word_1_187' title='bbox 195 3549 356 3601; x_wconf 83' lang='lat' dir='ltr'><strong>qnam</strong></span> <span class='ocrx_word' id='word_1_188' title='bbox 376 3546 481 3598; x_wconf 83' lang='lat' dir='ltr'><strong>pro</strong></span> <span class='ocrx_word' id='word_1_189' title='bbox 497 3528 893 3585; x_wconf 85' lang='lat' dir='ltr'><strong>cousuetudine.</strong></span> <span class='ocrx_word' id='word_1_190' title='bbox 909 3537 997 3579; x_wconf 87' lang='lat' dir='ltr'><strong>aut</strong></span> <span class='ocrx_word' id='word_1_191' title='bbox 1018 3528 1272 3594; x_wconf 82' lang='lat' dir='ltr'><strong>ejusmodi</strong></span> 
     </span>
     <span class='ocr_line' id='line_1_36' title="bbox 198 3606 1275 3665; baseline -0.008 0"><span class='ocrx_word' id='word_1_192' title='bbox 198 3614 432 3665; x_wconf 80' lang='lat' dir='ltr'><strong>aliorum</strong></span> <span class='ocrx_word' id='word_1_193' title='bbox 491 3606 816 3660; x_wconf 43' lang='lat' dir='ltr'><strong>eriminum&amp;</strong></span> <span class='ocrx_word' id='word_1_194' title='bbox 867 3607 1005 3658; x_wconf 85' lang='lat' dir='ltr'><strong>Item</strong></span> <span class='ocrx_word' id='word_1_195' title='bbox 1056 3608 1275 3657; x_wconf 87' lang='lat' dir='ltr'><strong>Verrina</strong></span> 
     </span>
     <span class='ocr_line' id='line_1_37' title="bbox 194 3685 1276 3750; baseline -0.009 -7"><span class='ocrx_word' id='word_1_196' title='bbox 194 3705 288 3743; x_wconf 85' lang='grc' dir='ltr'><strong>ιιι.</strong></span> <span class='ocrx_word' id='word_1_197' title='bbox 329 3693 333 3696; x_wconf 84' lang='grc'><em>“</em></span> <span class='ocrx_word' id='word_1_198' title='bbox 379 3689 396 3718; x_wconf 89' lang='lat'>‘</span> <span class='ocrx_word' id='word_1_199' title='bbox 415 3685 871 3750; x_wconf 80' lang='lat' dir='ltr'><strong>Quadruplatores</strong></span> <span class='ocrx_word' id='word_1_200' title='bbox 917 3691 1276 3734; x_wconf 75' lang='lat' dir='ltr'><strong>accusatores</strong></span> 
     </span>
     <span class='ocr_line' id='line_1_38' title="bbox 197 3759 1276 3825; baseline -0.008 -6"><span class='ocrx_word' id='word_1_201' title='bbox 197 3768 315 3819; x_wconf 79' lang='lat' dir='ltr'><strong>sive</strong></span> <span class='ocrx_word' id='word_1_202' title='bbox 353 3765 633 3816; x_wconf 71' lang='lat' dir='ltr'><strong>delatores</strong></span> <span class='ocrx_word' id='word_1_203' title='bbox 652 3761 978 3825; x_wconf 82' lang='lat' dir='ltr'><strong>publicorum</strong></span> <span class='ocrx_word' id='word_1_204' title='bbox 1006 3759 1276 3810; x_wconf 87' lang='lat' dir='ltr'><strong>criminum</strong></span> 
     </span>
     <span class='ocr_line' id='line_1_39' title="bbox 195 3834 1279 3910; baseline -0.013 -13"><span class='ocrx_word' id='word_1_205' title='bbox 195 3844 299 3896; x_wconf 82' lang='lat' dir='ltr'><strong>suh</strong></span> <span class='ocrx_word' id='word_1_206' title='bbox 320 3854 489 3910; x_wconf 80' lang='lat' dir='ltr'><strong>poena</strong></span> <span class='ocrx_word' id='word_1_207' title='bbox 513 3836 806 3904; x_wconf 80' lang='lat' dir='ltr'><strong>quadrupli.</strong></span> <span class='ocrx_word' id='word_1_208' title='bbox 867 3836 992 3887; x_wconf 78' lang='lat' dir='ltr'><strong>Sive</strong></span> <span class='ocrx_word' id='word_1_209' title='bbox 1009 3834 1146 3900; x_wconf 89' lang='lat' dir='ltr'><strong>quod</strong></span> <span class='ocrx_word' id='word_1_210' title='bbox 1177 3835 1279 3899; x_wconf 86' lang='lat' dir='ltr'><strong>ipsi</strong></span> 
     </span>
     <span class='ocr_line' id='line_1_40' title="bbox 196 3913 1279 3978; baseline -0.011 -5"><span class='ocrx_word' id='word_1_211' title='bbox 196 3937 269 3973; x_wconf 82' lang='lat' dir='ltr'><strong>ex</strong></span> <span class='ocrx_word' id='word_1_212' title='bbox 292 3921 668 3971; x_wconf 86' lang='lat' dir='ltr'><strong>damnatorum</strong></span> <span class='ocrx_word' id='word_1_213' title='bbox 683 3913 845 3970; x_wconf 84' lang='lat' dir='ltr'><strong>bonis,</strong></span> <span class='ocrx_word' id='word_1_214' title='bbox 860 3927 990 3978; x_wconf 86' lang='lat' dir='ltr'><strong>qnos</strong></span> <span class='ocrx_word' id='word_1_215' title='bbox 1008 3925 1279 3962; x_wconf 79' lang='lat' dir='ltr'><strong>accusave-</strong></span> 
     </span>
     <span class='ocr_line' id='line_1_41' title="bbox 171 3987 1281 4062; baseline -0.012 -11"><span class='ocrx_word' id='word_1_216' title='bbox 171 3987 354 4055; x_wconf 50' lang='lat' dir='ltr'><strong>rant,</strong></span> <span class='ocrx_word' id='word_1_217' title='bbox 386 4000 635 4062; x_wconf 81' lang='lat' dir='ltr'><strong>quartam</strong></span> <span class='ocrx_word' id='word_1_218' title='bbox 672 3997 877 4056; x_wconf 85' lang='lat' dir='ltr'><strong>partem</strong></span> <span class='ocrx_word' id='word_1_219' title='bbox 902 3989 1281 4055; x_wconf 84' lang='lat' dir='ltr'><strong>consequeban-</strong></span> 
     </span>
     <span class='ocr_line' id='line_1_42' title="bbox 198 4068 1278 4137; baseline -0.006 -13"><span class='ocrx_word' id='word_1_220' title='bbox 198 4076 328 4128; x_wconf 66' lang='lat' dir='ltr'><strong>tur!</strong></span> <span class='ocrx_word' id='word_1_221' title='bbox 405 4072 589 4137; x_wconf 76' lang='lat' dir='ltr'><strong>Igitur</strong></span> <span class='ocrx_word' id='word_1_222' title='bbox 607 4069 673 4119; x_wconf 84' lang='lat' dir='ltr'><strong>ab</strong></span> <span class='ocrx_word' id='word_1_223' title='bbox 707 4068 794 4118; x_wconf 86' lang='lat' dir='ltr'><strong>illa</strong></span> <span class='ocrx_word' id='word_1_224' title='bbox 828 4075 1008 4133; x_wconf 84' lang='lat' dir='ltr'><strong>quarta</strong></span> <span class='ocrx_word' id='word_1_225' title='bbox 1041 4081 1154 4132; x_wconf 75' lang='lat' dir='ltr'><strong>quae</strong></span> <span class='ocrx_word' id='word_1_226' title='bbox 1194 4081 1278 4117; x_wconf 87' lang='lat' dir='ltr'><strong>ac-</strong></span> 
     </span>
     <span class='ocr_line' id='line_1_43' title="bbox 200 4142 1283 4212; baseline -0.01 -7"><span class='ocrx_word' id='word_1_227' title='bbox 200 4151 454 4205; x_wconf 84' lang='lat' dir='ltr'><strong>cusatori</strong></span> <span class='ocrx_word' id='word_1_228' title='bbox 497 4160 597 4212; x_wconf 88' lang='lat' dir='ltr'><strong>pro</strong></span> <span class='ocrx_word' id='word_1_229' title='bbox 639 4143 859 4209; x_wconf 83' lang='lat' dir='ltr'><strong>praemio</strong></span> <span class='ocrx_word' id='word_1_230' title='bbox 899 4142 1123 4193; x_wconf 80' lang='lat' dir='ltr'><strong>cedebat</strong></span> <span class='ocrx_word' id='word_1_231' title='bbox 1151 4143 1283 4195; x_wconf 87' lang='lat' dir='ltr'><strong>dicti</strong></span> 
     </span>
     <span class='ocr_line' id='line_1_44' title="bbox 199 4219 1281 4294; baseline -0.002 -22"><span class='ocrx_word' id='word_1_232' title='bbox 199 4225 637 4294; x_wconf 57' lang='lat' dir='ltr'><strong>quadruplatores.</strong></span> <span class='ocrx_word' id='word_1_233' title='bbox 687 4219 853 4270; x_wconf 78' lang='lat' dir='ltr'><strong>Tacit.</strong></span> <span class='ocrx_word' id='word_1_234' title='bbox 876 4219 962 4270; x_wconf 81' lang='lat' dir='ltr'><strong>lib.</strong></span> <span class='ocrx_word' id='word_1_235' title='bbox 979 4232 1062 4271; x_wconf 78' lang='lat' dir='ltr'><strong>tv.</strong></span> <span class='ocrx_word' id='word_1_236' title='bbox 1096 4219 1281 4270; x_wconf 79' lang='lat' dir='ltr'><strong>Annal.</strong></span> 
     </span>
     <span class='ocr_line' id='line_1_45' title="bbox 201 4295 1280 4362; baseline -0.006 -8"><span class='ocrx_word' id='word_1_237' title='bbox 201 4314 219 4338; x_wconf 79' lang='lat'>⁸</span> <span class='ocrx_word' id='word_1_238' title='bbox 250 4309 473 4358; x_wconf 82' lang='lat' dir='ltr'><strong>contra</strong></span> <span class='ocrx_word' id='word_1_239' title='bbox 527 4299 606 4349; x_wconf 80' lang='lat' dir='ltr'><strong>M.</strong></span> <span class='ocrx_word' id='word_1_240' title='bbox 639 4295 868 4360; x_wconf 78' lang='lat' dir='ltr'><strong>Lepidus</strong></span> <span class='ocrx_word' id='word_1_241' title='bbox 905 4304 1141 4362; x_wconf 81' lang='lat' dir='ltr'><strong>quartam</strong></span> <span class='ocrx_word' id='word_1_242' title='bbox 1193 4311 1280 4348; x_wconf 87' lang='lat' dir='ltr'><strong>ac·</strong></span> 
     </span>
     <span class='ocr_line' id='line_1_46' title="bbox 201 4370 1281 4440; baseline -0.011 -4"><span class='ocrx_word' id='word_1_243' title='bbox 201 4378 558 4440; x_wconf 84' lang='lat' dir='ltr'><strong>cusatoribus</strong></span> <span class='ocrx_word' id='word_1_244' title='bbox 609 4370 889 4425; x_wconf 81' lang='lat' dir='ltr'><strong>secuudum</strong></span> <span class='ocrx_word' id='word_1_245' title='bbox 945 4372 1281 4425; x_wconf 86' lang='lat' dir='ltr'><strong>necessitudi-</strong></span> 
     </span>
    </p>
   </div>
   <div class='ocr_carea' id='block_1_11' title="bbox 1327 1992 2415 4427">
    <p class='ocr_par' dir='ltr' id='par_1_11' title="bbox 1327 1992 2379 2219">
     <span class='ocr_line' id='line_1_47' title="bbox 1327 1992 2373 2063; baseline -0.003 -16"><span class='ocrx_word' id='word_1_246' title='bbox 1327 2010 1445 2047; x_wconf 85' lang='lat' dir='ltr'><strong>nem</strong></span> <span class='ocrx_word' id='word_1_247' title='bbox 1486 1993 1651 2060; x_wconf 78' lang='lat' dir='ltr'><strong>legis.&#39;</strong></span> <span class='ocrx_word' id='word_1_248' title='bbox 1713 1994 1846 2047; x_wconf 82' lang='lat' dir='ltr'><strong>Inde</strong></span> <span class='ocrx_word' id='word_1_249' title='bbox 1887 1994 2062 2048; x_wconf 80' lang='lat' dir='ltr'><strong>Gloss.</strong></span> <span class='ocrx_word' id='word_1_250' title='bbox 2116 2002 2132 2025; x_wconf 78' lang='lat'><strong><em>¹</em></strong></span> <span class='ocrx_word' id='word_1_251' title='bbox 2149 1992 2373 2063; x_wconf 91' lang='lat' dir='ltr'><strong>quadru-</strong></span> 
     </span>
     <span class='ocr_line' id='line_1_48' title="bbox 1329 2069 2379 2137; baseline -0.003 -14"><span class='ocrx_word' id='word_1_252' title='bbox 1329 2072 1573 2137; x_wconf 81' lang='lat' dir='ltr'><strong>platores,</strong></span> <span class='ocrx_word' id='word_1_253' title='bbox 1587 2071 1850 2135; x_wconf 72' lang='lat' dir='ltr'><strong>mmai:</strong></span> <span class='ocrx_word' id='word_1_254' title='bbox 1872 2071 2150 2123; x_wconf 86' lang='lat' dir='ltr'><strong>delatores.</strong></span> <span class='ocrx_word' id='word_1_255' title='bbox 2206 2070 2222 2100; x_wconf 91' lang='lat'>‘</span> <span class='ocrx_word' id='word_1_256' title='bbox 2241 2069 2379 2123; x_wconf 85' lang='lat' dir='ltr'><strong>Qua-</strong></span> 
     </span>
     <span class='ocr_line' id='line_1_49' title="bbox 1330 2146 2253 2219; baseline -0.002 -21"><span class='ocrx_word' id='word_1_257' title='bbox 1330 2148 1565 2219; x_wconf 86' lang='lat' dir='ltr'><strong>druplor,</strong></span> <span class='ocrx_word' id='word_1_258' title='bbox 1583 2146 1870 2211; x_wconf 61' lang='lat' dir='ltr'><strong>tractamus:</strong></span> <span class='ocrx_word' id='word_1_259' title='bbox 1891 2146 2090 2198; x_wconf 81' lang='lat' dir='ltr'><strong>defero.</strong></span> <span class='ocrx_word' id='word_1_260' title='bbox 2122 2146 2253 2197; x_wconf 76' lang='lat' dir='ltr'><strong>Dec.</strong></span> 
     </span>
    </p>

    <p class='ocr_par' dir='ltr' id='par_1_12' title="bbox 1331 2218 2408 4131">
     <span class='ocr_line' id='line_1_50' title="bbox 1395 2218 2383 2296; baseline -0.004 -21"><span class='ocrx_word' id='word_1_261' title='bbox 1395 2232 1419 2259; x_wconf 77' lang='lat'>⁸</span> <span class='ocrx_word' id='word_1_262' title='bbox 1437 2255 1454 2275; x_wconf 87' lang='lat'><strong>.</strong></span> <span class='ocrx_word' id='word_1_263' title='bbox 1472 2256 1487 2273; x_wconf 92' lang='lat'><strong>.</strong></span> <span class='ocrx_word' id='word_1_264' title='bbox 1504 2257 1521 2275; x_wconf 92' lang='lat'><strong>.</strong></span> <span class='ocrx_word' id='word_1_265' title='bbox 1534 2258 1548 2275; x_wconf 92' lang='lat'><strong>.</strong></span> <span class='ocrx_word' id='word_1_266' title='bbox 1561 2224 1749 2296; x_wconf 62' lang='lat' dir='ltr'><strong>pppslo]</strong></span> <span class='ocrx_word' id='word_1_267' title='bbox 1782 2226 1862 2274; x_wconf 85' lang='lat' dir='ltr'><strong>De</strong></span> <span class='ocrx_word' id='word_1_268' title='bbox 1898 2218 2383 2288; x_wconf 76' lang='lat' dir='ltr'><strong>quadruplatoribus</strong></span> 
     </span>
     <span class='ocr_line' id='line_1_51' title="bbox 1331 2297 2387 2365; baseline -0.005 -14"><span class='ocrx_word' id='word_1_269' title='bbox 1331 2300 1419 2353; x_wconf 91' lang='lat' dir='ltr'><strong>hic</strong></span> <span class='ocrx_word' id='word_1_270' title='bbox 1437 2301 1630 2365; x_wconf 74' lang='lat' dir='ltr'><strong>agebat</strong></span> <span class='ocrx_word' id='word_1_271' title='bbox 1653 2301 1851 2360; x_wconf 75' lang='lat' dir='ltr'><strong>Festus,</strong></span> <span class='ocrx_word' id='word_1_272' title='bbox 1865 2299 1959 2351; x_wconf 87' lang='lat' dir='ltr'><strong>sed</strong></span> <span class='ocrx_word' id='word_1_273' title='bbox 1970 2300 2085 2365; x_wconf 91' lang='lat' dir='ltr'><strong>ejus</strong></span> <span class='ocrx_word' id='word_1_274' title='bbox 2102 2297 2263 2348; x_wconf 86' lang='lat' dir='ltr'><strong>verba</strong></span> <span class='ocrx_word' id='word_1_275' title='bbox 2281 2311 2387 2347; x_wconf 90' lang='lat' dir='ltr'><strong>non</strong></span> 
     </span>
     <span class='ocr_line' id='line_1_52' title="bbox 1333 2371 2391 2444; baseline -0.008 -15"><span class='ocrx_word' id='word_1_276' title='bbox 1333 2391 1602 2444; x_wconf 85' lang='lat' dir='ltr'><strong>possumus</strong></span> <span class='ocrx_word' id='word_1_277' title='bbox 1622 2376 1845 2444; x_wconf 83' lang='lat' dir='ltr'><strong>assequi,</strong></span> <span class='ocrx_word' id='word_1_278' title='bbox 1875 2389 2046 2442; x_wconf 88' lang='lat' dir='ltr'><strong>neque</strong></span> <span class='ocrx_word' id='word_1_279' title='bbox 2068 2372 2220 2424; x_wconf 83' lang='lat' dir='ltr'><strong>exiis</strong></span> <span class='ocrx_word' id='word_1_280' title='bbox 2243 2371 2391 2422; x_wconf 79' lang='lat' dir='ltr'><strong>vide-</strong></span> 
     </span>
     <span class='ocr_line' id='line_1_53' title="bbox 1336 2447 2391 2517; baseline -0.007 -12"><span class='ocrx_word' id='word_1_281' title='bbox 1336 2463 1422 2505; x_wconf 86' lang='lat' dir='ltr'><strong>tur</strong></span> <span class='ocrx_word' id='word_1_282' title='bbox 1458 2454 1657 2505; x_wconf 85' lang='lat' dir='ltr'><strong>Paulus</strong></span> <span class='ocrx_word' id='word_1_283' title='bbox 1696 2467 1837 2503; x_wconf 85' lang='lat' dir='ltr'><strong>snam</strong></span> <span class='ocrx_word' id='word_1_284' title='bbox 1889 2452 2166 2517; x_wconf 82' lang='lat' dir='ltr'><strong>Epitomen</strong></span> <span class='ocrx_word' id='word_1_285' title='bbox 2209 2447 2391 2500; x_wconf 75' lang='lat' dir='ltr'><strong>confe-</strong></span> 
     </span>
     <span class='ocr_line' id='line_1_54' title="bbox 1334 2525 2389 2594; baseline -0.007 -13"><span class='ocrx_word' id='word_1_286' title='bbox 1334 2531 1489 2581; x_wconf 86' lang='lat' dir='ltr'><strong>eisse.</strong></span> <span class='ocrx_word' id='word_1_287' title='bbox 1555 2527 1872 2594; x_wconf 80' lang='lat' dir='ltr'><strong>Ampliorem</strong></span> <span class='ocrx_word' id='word_1_288' title='bbox 1908 2528 2169 2579; x_wconf 84' lang='lat' dir='ltr'><strong>lacunam.</strong></span> <span class='ocrx_word' id='word_1_289' title='bbox 2195 2525 2389 2591; x_wconf 63' lang='lat' dir='ltr'><strong>reproe·⁴</strong></span> 
     </span>
     <span class='ocr_line' id='line_1_55' title="bbox 1335 2601 2387 2667; baseline -0.007 -10"><span class='ocrx_word' id='word_1_290' title='bbox 1335 2612 1547 2658; x_wconf 78' lang='lat' dir='ltr'><strong>seutant</strong></span> <span class='ocrx_word' id='word_1_291' title='bbox 1567 2604 1777 2658; x_wconf 65' lang='lat' dir='ltr'><strong>scheda</strong></span> <span class='ocrx_word' id='word_1_292' title='bbox 1795 2619 1812 2653; x_wconf 74' lang='lat' dir='ltr'><strong>e</strong></span> <span class='ocrx_word' id='word_1_293' title='bbox 1846 2603 1862 2631; x_wconf 92' lang='lat'>‘</span> <span class='ocrx_word' id='word_1_294' title='bbox 1879 2614 1927 2656; x_wconf 68' lang='lat'><strong>.&#39;.</strong></span> <span class='ocrx_word' id='word_1_295' title='bbox 1943 2601 2055 2667; x_wconf 84' lang='lat' dir='ltr'><strong>.jus</strong></span> <span class='ocrx_word' id='word_1_296' title='bbox 2071 2634 2087 2653; x_wconf 92' lang='lat'><strong>.</strong></span> <span class='ocrx_word' id='word_1_297' title='bbox 2102 2635 2118 2652; x_wconf 92' lang='lat'><strong>.</strong></span> <span class='ocrx_word' id='word_1_298' title='bbox 2138 2614 2283 2666; x_wconf 74' lang='lat' dir='ltr'><strong>.quae</strong></span> <span class='ocrx_word' id='word_1_299' title='bbox 2299 2633 2314 2648; x_wconf 92' lang='lat'><strong>.</strong></span> <span class='ocrx_word' id='word_1_300' title='bbox 2332 2632 2347 2650; x_wconf 97' lang='lat'><strong>.</strong></span> <span class='ocrx_word' id='word_1_301' title='bbox 2370 2634 2387 2650; x_wconf 92' lang='lat'><strong>.</strong></span> 
     </span>
     <span class='ocr_line' id='line_1_56' title="bbox 1334 2677 2391 2750; baseline -0.009 -15"><span class='ocrx_word' id='word_1_302' title='bbox 1334 2697 1551 2750; x_wconf 86' lang='lat' dir='ltr'><strong>quarum</strong></span> <span class='ocrx_word' id='word_1_303' title='bbox 1573 2697 1641 2733; x_wconf 83' lang='lat' dir='ltr'><strong>ex</strong></span> <span class='ocrx_word' id='word_1_304' title='bbox 1661 2681 1861 2747; x_wconf 76' lang='lat' dir='ltr'><strong>legibus</strong></span> <span class='ocrx_word' id='word_1_305' title='bbox 1871 2677 2142 2746; x_wconf 89' lang='lat' dir='ltr'><strong>quadrupli</strong></span> <span class='ocrx_word' id='word_1_306' title='bbox 2164 2683 2280 2727; x_wconf 89' lang='lat' dir='ltr'><strong>erat</strong></span> <span class='ocrx_word' id='word_1_307' title='bbox 2302 2688 2391 2726; x_wconf 91' lang='lat' dir='ltr'><strong>ac-</strong></span> 
     </span>
     <span class='ocr_line' id='line_1_57' title="bbox 1336 2760 2393 2813; baseline -0.009 0"><span class='ocrx_word' id='word_1_308' title='bbox 1336 2762 1429 2813; x_wconf 85' lang='lat' dir='ltr'><strong>tio.</strong></span> <span class='ocrx_word' id='word_1_309' title='bbox 1449 2795 1463 2812; x_wconf 89' lang='lat'><strong>.</strong></span> <span class='ocrx_word' id='word_1_310' title='bbox 1479 2795 1496 2813; x_wconf 92' lang='lat'><strong>.</strong></span> <span class='ocrx_word' id='word_1_311' title='bbox 1575 2760 1689 2810; x_wconf 87' lang='lat' dir='ltr'><strong>ibus</strong></span> <span class='ocrx_word' id='word_1_312' title='bbox 1692 2790 1835 2811; x_wconf 88' lang='grc'><strong>.....</strong></span> <span class='ocrx_word' id='word_1_313' title='bbox 1850 2764 1936 2808; x_wconf 89' lang='lat' dir='ltr'><strong>ata</strong></span> <span class='ocrx_word' id='word_1_314' title='bbox 1937 2787 2084 2810; x_wconf 87' lang='grc'><strong>.....</strong></span> <span class='ocrx_word' id='word_1_315' title='bbox 2100 2769 2215 2806; x_wconf 86' lang='lat' dir='ltr'><strong>oem</strong></span> <span class='ocrx_word' id='word_1_316' title='bbox 2217 2783 2393 2806; x_wconf 85' lang='lat'><strong>......</strong></span> 
     </span>
     <span class='ocr_line' id='line_1_58' title="bbox 1339 2830 2390 2898; baseline -0.01 -8"><span class='ocrx_word' id='word_1_317' title='bbox 1339 2838 1519 2890; x_wconf 87' lang='lat' dir='ltr'><strong>abant.</strong></span> <span class='ocrx_word' id='word_1_318' title='bbox 1539 2873 1554 2891; x_wconf 97' lang='lat'><strong>.</strong></span> <span class='ocrx_word' id='word_1_319' title='bbox 1573 2871 1589 2888; x_wconf 92' lang='lat'><strong>.</strong></span> <span class='ocrx_word' id='word_1_320' title='bbox 1605 2837 1671 2888; x_wconf 90' lang='lat' dir='ltr'><strong>ab</strong></span> <span class='ocrx_word' id='word_1_321' title='bbox 1693 2851 1774 2888; x_wconf 91' lang='lat' dir='ltr'><strong>eo.</strong></span> <span class='ocrx_word' id='word_1_322' title='bbox 1791 2868 1806 2887; x_wconf 93' lang='lat'><strong>.</strong></span> <span class='ocrx_word' id='word_1_323' title='bbox 1820 2871 1835 2887; x_wconf 95' lang='lat'><strong>.</strong></span> <span class='ocrx_word' id='word_1_324' title='bbox 1851 2836 1921 2886; x_wconf 91' lang='lat' dir='ltr'><strong>in.</strong></span> <span class='ocrx_word' id='word_1_325' title='bbox 1941 2868 1983 2885; x_wconf 92' lang='lat'><strong>..</strong></span> <span class='ocrx_word' id='word_1_326' title='bbox 2000 2835 2087 2884; x_wconf 89' lang='lat' dir='ltr'><strong>tis.</strong></span> <span class='ocrx_word' id='word_1_327' title='bbox 2106 2867 2122 2884; x_wconf 93' lang='lat'><strong>.</strong></span> <span class='ocrx_word' id='word_1_328' title='bbox 2141 2867 2156 2883; x_wconf 94' lang='lat'><strong>.</strong></span> <span class='ocrx_word' id='word_1_329' title='bbox 2173 2844 2274 2898; x_wconf 86' lang='lat' dir='ltr'><strong>que</strong></span> <span class='ocrx_word' id='word_1_330' title='bbox 2296 2830 2390 2881; x_wconf 87' lang='lat' dir='ltr'><strong>lic-</strong></span> 
     </span>
     <span class='ocr_line' id='line_1_59' title="bbox 1339 2906 2394 2979; baseline -0.013 -11"><span class='ocrx_word' id='word_1_331' title='bbox 1339 2913 1424 2968; x_wconf 83' lang='lat' dir='ltr'><strong>tor</strong></span> <span class='ocrx_word' id='word_1_332' title='bbox 1424 2945 1602 2967; x_wconf 85' lang='grc'><strong>......</strong></span> <span class='ocrx_word' id='word_1_333' title='bbox 1621 2915 1814 2979; x_wconf 89' lang='lat' dir='ltr'><strong>populo</strong></span> <span class='ocrx_word' id='word_1_334' title='bbox 1815 2943 1983 2965; x_wconf 82' lang='grc'><strong>......</strong></span> <span class='ocrx_word' id='word_1_335' title='bbox 1999 2911 2144 2962; x_wconf 89' lang='lat' dir='ltr'><strong>curia</strong></span> <span class='ocrx_word' id='word_1_336' title='bbox 2165 2906 2394 2960; x_wconf 88' lang='lat' dir='ltr'><strong>calabra.</strong></span> 
     </span>
     <span class='ocr_line' id='line_1_60' title="bbox 1341 2983 2396 3057; baseline -0.011 -12"><span class='ocrx_word' id='word_1_337' title='bbox 1341 2990 1978 3057; x_wconf 76' lang='lat' dir='ltr'><strong>....mlegum·......in</strong></span> <span class='ocrx_word' id='word_1_338' title='bbox 2012 2987 2192 3053; x_wconf 89' lang='lat' dir='ltr'><strong>populi</strong></span> <span class='ocrx_word' id='word_1_339' title='bbox 2229 2983 2396 3036; x_wconf 86' lang='lat' dir='ltr'><strong>domi·</strong></span> 
     </span>
     <span class='ocr_line' id='line_1_61' title="bbox 1337 3062 2397 3128; baseline -0.008 -9"><span class='ocrx_word' id='word_1_340' title='bbox 1337 3067 1503 3120; x_wconf 66' lang='lat' dir='ltr'><strong>natu!</strong></span> <span class='ocrx_word' id='word_1_341' title='bbox 1570 3070 1641 3121; x_wconf 87' lang='lat' dir='ltr'><strong>Et</strong></span> <span class='ocrx_word' id='word_1_342' title='bbox 1660 3069 1746 3119; x_wconf 90' lang='lat' dir='ltr'><strong>hic</strong></span> <span class='ocrx_word' id='word_1_343' title='bbox 1765 3073 1911 3119; x_wconf 86' lang='lat' dir='ltr'><strong>certe</strong></span> <span class='ocrx_word' id='word_1_344' title='bbox 1932 3065 2076 3117; x_wconf 89' lang='lat' dir='ltr'><strong>locus</strong></span> <span class='ocrx_word' id='word_1_345' title='bbox 2097 3062 2284 3128; x_wconf 69' lang='lat' dir='ltr'><strong>dignus</strong></span> <span class='ocrx_word' id='word_1_346' title='bbox 2313 3066 2397 3111; x_wconf 84' lang='lat' dir='ltr'><strong>est</strong></span> 
     </span>
     <span class='ocr_line' id='line_1_62' title="bbox 1339 3136 2398 3210; baseline -0.009 -15"><span class='ocrx_word' id='word_1_347' title='bbox 1339 3145 1394 3194; x_wconf 91' lang='lat' dir='ltr'><strong>in</strong></span> <span class='ocrx_word' id='word_1_348' title='bbox 1417 3159 1521 3210; x_wconf 89' lang='lat' dir='ltr'><strong>quo</strong></span> <span class='ocrx_word' id='word_1_349' title='bbox 1539 3158 1596 3195; x_wconf 88' lang='lat' dir='ltr'><strong>se</strong></span> <span class='ocrx_word' id='word_1_350' title='bbox 1618 3149 1900 3194; x_wconf 77' lang='lat' dir='ltr'><strong>exerceant</strong></span> <span class='ocrx_word' id='word_1_351' title='bbox 1916 3141 2225 3206; x_wconf 79' lang='lat' dir='ltr'><strong>sagaciores.</strong></span> <span class='ocrx_word' id='word_1_352' title='bbox 2244 3136 2398 3188; x_wconf 76' lang='lat' dir='ltr'><strong>Idem.</strong></span> 
     </span>
     <span class='ocr_line' id='line_1_63' title="bbox 1361 3212 2397 3282; baseline -0.015 -3"><span class='ocrx_word' id='word_1_353' title='bbox 1361 3244 1368 3248; x_wconf 92' lang='lat'>·</span> <span class='ocrx_word' id='word_1_354' title='bbox 1404 3219 1428 3254; x_wconf 69' lang='lat' dir='ltr'>f</span> <span class='ocrx_word' id='word_1_355' title='bbox 1455 3220 1783 3278; x_wconf 68' lang='lat' dir='ltr'><strong>Quodn-urbem</strong></span> <span class='ocrx_word' id='word_1_356' title='bbox 1820 3217 2058 3282; x_wconf 69' lang='lat' dir='ltr'><strong>Athenas]</strong></span> <span class='ocrx_word' id='word_1_357' title='bbox 2127 3212 2283 3268; x_wconf 81' lang='lat' dir='ltr'><strong>Quod</strong></span> <span class='ocrx_word' id='word_1_358' title='bbox 2327 3226 2397 3263; x_wconf 80' lang='lat' dir='ltr'><strong>ex</strong></span> 
     </span>
     <span class='ocr_line' id='line_1_64' title="bbox 1340 3290 2396 3366; baseline -0.011 -15"><span class='ocrx_word' id='word_1_359' title='bbox 1340 3307 1565 3366; x_wconf 90' lang='lat' dir='ltr'><strong>quatuor</strong></span> <span class='ocrx_word' id='word_1_360' title='bbox 1583 3298 1732 3359; x_wconf 79' lang='lat' dir='ltr'><strong>vicis,</strong></span> <span class='ocrx_word' id='word_1_361' title='bbox 1745 3311 1872 3362; x_wconf 79' lang='lat' dir='ltr'><strong>quos</strong></span> <span class='ocrx_word' id='word_1_362' title='bbox 1892 3296 1978 3346; x_wconf 88' lang='lat' dir='ltr'><strong>alii</strong></span> <span class='ocrx_word' id='word_1_363' title='bbox 1997 3294 2242 3347; x_wconf 74' lang='lat' dir='ltr'><strong>Piraeum,</strong></span> <span class='ocrx_word' id='word_1_364' title='bbox 2255 3290 2396 3341; x_wconf 89' lang='lat' dir='ltr'><strong>Pha·</strong></span> 
     </span>
     <span class='ocr_line' id='line_1_65' title="bbox 1342 3370 2398 3441; baseline -0.009 -15"><span class='ocrx_word' id='word_1_365' title='bbox 1342 3377 1561 3439; x_wconf 89' lang='lat' dir='ltr'><strong>lerenm,</strong></span> <span class='ocrx_word' id='word_1_366' title='bbox 1644 3375 1967 3441; x_wconf 77' lang='lat' dir='ltr'><strong>Xypeteum,</strong></span> <span class='ocrx_word' id='word_1_367' title='bbox 2048 3370 2398 3435; x_wconf 76' lang='lat' dir='ltr'><strong>Thymaetarn.</strong></span> 
     </span>
     <span class='ocr_line' id='line_1_66' title="bbox 1343 3441 2400 3510; baseline -0.015 -5"><span class='ocrx_word' id='word_1_368' title='bbox 1343 3455 1520 3505; x_wconf 80' lang='lat' dir='ltr'><strong>Male:</strong></span> <span class='ocrx_word' id='word_1_369' title='bbox 1581 3450 1907 3510; x_wconf 72' lang='lat' dir='ltr'><strong>Quodn-urbem</strong></span> <span class='ocrx_word' id='word_1_370' title='bbox 1940 3448 2078 3499; x_wconf 88' lang='lat' dir='ltr'><strong>enim</strong></span> <span class='ocrx_word' id='word_1_371' title='bbox 2113 3441 2400 3508; x_wconf 64' lang='lat' dir='ltr'><strong>rerpdaeoaw</strong></span> 
     </span>
     <span class='ocr_line' id='line_1_67' title="bbox 1345 3516 2402 3586; baseline -0.015 -4"><span class='ocrx_word' id='word_1_372' title='bbox 1345 3530 1588 3582; x_wconf 80' lang='lat' dir='ltr'><strong>dixerunt</strong></span> <span class='ocrx_word' id='word_1_373' title='bbox 1599 3526 1823 3584; x_wconf 65' lang='lat' dir='ltr'><strong>OEnoEn,</strong></span> <span class='ocrx_word' id='word_1_374' title='bbox 1843 3520 2273 3586; x_wconf 80' lang='lat' dir='ltr'><strong>Probalynthum,</strong></span> <span class='ocrx_word' id='word_1_375' title='bbox 2285 3516 2402 3568; x_wconf 85' lang='lat' dir='ltr'><strong>Tri-</strong></span> 
     </span>
     <span class='ocr_line' id='line_1_68' title="bbox 1345 3599 2400 3671; baseline -0.015 -14"><span class='ocrx_word' id='word_1_376' title='bbox 1345 3605 1639 3671; x_wconf 76' lang='lat' dir='ltr'><strong>corythum,</strong></span> <span class='ocrx_word' id='word_1_377' title='bbox 1654 3610 1726 3654; x_wconf 75' lang='lat' dir='ltr'><strong>,et</strong></span> <span class='ocrx_word' id='word_1_378' title='bbox 1760 3599 2143 3658; x_wconf 81' lang='lat' dir='ltr'><strong>Marathonem,</strong></span> <span class='ocrx_word' id='word_1_379' title='bbox 2178 3599 2400 3660; x_wconf 86' lang='lat' dir='ltr'><strong>quatuor</strong></span> 
     </span>
     <span class='ocr_line' id='line_1_69' title="bbox 1348 3667 2404 3745; baseline -0.017 -11"><span class='ocrx_word' id='word_1_380' title='bbox 1348 3682 1541 3734; x_wconf 72' lang='lat' dir='ltr'><strong>Atticae</strong></span> <span class='ocrx_word' id='word_1_381' title='bbox 1565 3680 1800 3745; x_wconf 84' lang='lat' dir='ltr'><strong>populos.</strong></span> <span class='ocrx_word' id='word_1_382' title='bbox 1835 3674 1970 3725; x_wconf 83' lang='lat' dir='ltr'><strong>Vide</strong></span> <span class='ocrx_word' id='word_1_383' title='bbox 1993 3673 2191 3726; x_wconf 78' lang='lat' dir='ltr'><strong>Meurs.</strong></span> <span class='ocrx_word' id='word_1_384' title='bbox 2211 3669 2279 3719; x_wconf 89' lang='lat' dir='ltr'><strong>de</strong></span> <span class='ocrx_word' id='word_1_385' title='bbox 2298 3667 2404 3718; x_wconf 82' lang='lat' dir='ltr'><strong>for-</strong></span> 
     </span>
     <span class='ocr_line' id='line_1_70' title="bbox 1347 3754 2406 3818; baseline -0.015 -8"><span class='ocrx_word' id='word_1_386' title='bbox 1347 3767 1474 3810; x_wconf 88' lang='lat' dir='ltr'><strong>tuna</strong></span> <span class='ocrx_word' id='word_1_387' title='bbox 1497 3757 1700 3807; x_wconf 80' lang='lat' dir='ltr'><strong>Attica.</strong></span> <span class='ocrx_word' id='word_1_388' title='bbox 1736 3756 1921 3818; x_wconf 83' lang='lat' dir='ltr'><strong>Neque</strong></span> <span class='ocrx_word' id='word_1_389' title='bbox 1942 3757 2165 3817; x_wconf 81' lang='lat' dir='ltr'><strong>quatuor</strong></span> <span class='ocrx_word' id='word_1_390' title='bbox 2186 3754 2406 3807; x_wconf 86' lang='lat' dir='ltr'><strong>tantum,</strong></span> 
     </span>
     <span class='ocr_line' id='line_1_71' title="bbox 1349 3824 2403 3886; baseline -0.014 -1"><span class='ocrx_word' id='word_1_391' title='bbox 1349 3834 1440 3886; x_wconf 89' lang='lat' dir='ltr'><strong>sed</strong></span> <span class='ocrx_word' id='word_1_392' title='bbox 1464 3832 1668 3883; x_wconf 89' lang='lat' dir='ltr'><strong>omnino</strong></span> <span class='ocrx_word' id='word_1_393' title='bbox 1706 3827 1977 3880; x_wconf 84' lang='lat' dir='ltr'><strong>duodecim</strong></span> <span class='ocrx_word' id='word_1_394' title='bbox 2006 3824 2162 3874; x_wconf 86' lang='lat' dir='ltr'><strong>urbes</strong></span> <span class='ocrx_word' id='word_1_395' title='bbox 2201 3824 2253 3874; x_wconf 89' lang='lat' dir='ltr'><strong>in</strong></span> <span class='ocrx_word' id='word_1_396' title='bbox 2274 3834 2403 3873; x_wconf 88' lang='lat' dir='ltr'><strong>unas</strong></span> 
     </span>
     <span class='ocr_line' id='line_1_72' title="bbox 1352 3897 2406 3963; baseline -0.016 0"><span class='ocrx_word' id='word_1_397' title='bbox 1352 3911 1587 3963; x_wconf 81' lang='lat' dir='ltr'><strong>Athenas</strong></span> <span class='ocrx_word' id='word_1_398' title='bbox 1609 3909 1863 3958; x_wconf 82' lang='lat' dir='ltr'><strong>Theseum</strong></span> <span class='ocrx_word' id='word_1_399' title='bbox 1893 3901 2223 3954; x_wconf 84' lang='lat' dir='ltr'><strong>contraxisse</strong></span> <span class='ocrx_word' id='word_1_400' title='bbox 2242 3897 2406 3949; x_wconf 85' lang='lat' dir='ltr'><strong>tradit</strong></span> 
     </span>
     <span class='ocr_line' id='line_1_73' title="bbox 1348 3974 2408 4047; baseline -0.013 -9"><span class='ocrx_word' id='word_1_401' title='bbox 1348 3987 1555 4044; x_wconf 75' lang='lat' dir='ltr'><strong>Strabo.</strong></span> <span class='ocrx_word' id='word_1_402' title='bbox 1621 3983 1727 4035; x_wconf 87' lang='lat' dir='ltr'><strong>Ubi</strong></span> <span class='ocrx_word' id='word_1_403' title='bbox 1762 3995 1855 4047; x_wconf 86' lang='lat' dir='ltr'><strong>per</strong></span> <span class='ocrx_word' id='word_1_404' title='bbox 1880 3979 2032 4031; x_wconf 86' lang='lat' dir='ltr'><strong>urbes</strong></span> <span class='ocrx_word' id='word_1_405' title='bbox 2056 3978 2197 4028; x_wconf 77' lang='lat' dir='ltr'><strong>vicos</strong></span> <span class='ocrx_word' id='word_1_406' title='bbox 2218 3974 2408 4026; x_wconf 87' lang='lat' dir='ltr'><strong>intelli-</strong></span> 
     </span>
     <span class='ocr_line' id='line_1_74' title="bbox 1352 4063 1862 4131; baseline -0.027 -15"><span class='ocrx_word' id='word_1_407' title='bbox 1352 4066 1445 4131; x_wconf 76' lang='lat' dir='ltr'><strong>git.</strong></span> <span class='ocrx_word' id='word_1_408' title='bbox 1481 4063 1627 4112; x_wconf 80' lang='lat' dir='ltr'><strong>Idem.</strong></span> <span class='ocrx_word' id='word_1_409' title='bbox 1844 4066 1862 4102; x_wconf 66' lang='lat' dir='ltr'>s</span> 
     </span>
    </p>

    <p class='ocr_par' dir='ltr' id='par_1_13' title="bbox 1353 4131 2415 4427">
     <span class='ocr_line' id='line_1_75' title="bbox 1416 4131 2408 4204; baseline -0.005 -18"><span class='ocrx_word' id='word_1_410' title='bbox 1416 4150 1442 4186; x_wconf 80' lang='lat' dir='ltr'><strong>s</strong></span> <span class='ocrx_word' id='word_1_411' title='bbox 1478 4138 1677 4204; x_wconf 81' lang='lat' dir='ltr'><strong>Quaeso]</strong></span> <span class='ocrx_word' id='word_1_412' title='bbox 1727 4137 1923 4188; x_wconf 83' lang='lat' dir='ltr'><strong>Versus</strong></span> <span class='ocrx_word' id='word_1_413' title='bbox 1956 4131 2112 4184; x_wconf 83' lang='lat' dir='ltr'><strong>Ennii</strong></span> <span class='ocrx_word' id='word_1_414' title='bbox 2151 4131 2219 4182; x_wconf 86' lang='lat' dir='ltr'><strong>de</strong></span> <span class='ocrx_word' id='word_1_415' title='bbox 2259 4131 2408 4182; x_wconf 82' lang='lat' dir='ltr'><strong>Anco</strong></span> 
     </span>
     <span class='ocr_line' id='line_1_76' title="bbox 1353 4207 2413 4280; baseline -0.01 -10"><span class='ocrx_word' id='word_1_416' title='bbox 1353 4217 1551 4270; x_wconf 81' lang='lat' dir='ltr'><strong>Martio</strong></span> <span class='ocrx_word' id='word_1_417' title='bbox 1583 4212 1875 4280; x_wconf 86' lang='lat' dir='ltr'><strong>accipiendi</strong></span> <span class='ocrx_word' id='word_1_418' title='bbox 1909 4217 2048 4272; x_wconf 87' lang='lat' dir='ltr'><strong>sunt,</strong></span> <span class='ocrx_word' id='word_1_419' title='bbox 2084 4208 2169 4274; x_wconf 91' lang='lat' dir='ltr'><strong>qui</strong></span> <span class='ocrx_word' id='word_1_420' title='bbox 2204 4207 2413 4260; x_wconf 83' lang='lat' dir='ltr'><strong>Ostiam</strong></span> 
     </span>
     <span class='ocr_line' id='line_1_77' title="bbox 1358 4283 2410 4357; baseline -0.016 -9"><span class='ocrx_word' id='word_1_421' title='bbox 1358 4294 1596 4357; x_wconf 79' lang='lat' dir='ltr'><strong>munivit,</strong></span> <span class='ocrx_word' id='word_1_422' title='bbox 1630 4302 1685 4343; x_wconf 87' lang='lat' dir='ltr'><strong>et</strong></span> <span class='ocrx_word' id='word_1_423' title='bbox 1735 4297 1941 4356; x_wconf 84' lang='lat' dir='ltr'><strong>portum</strong></span> <span class='ocrx_word' id='word_1_424' title='bbox 1976 4285 2196 4337; x_wconf 81' lang='lat' dir='ltr'><strong>Tiberis.</strong></span> <span class='ocrx_word' id='word_1_425' title='bbox 2267 4283 2410 4333; x_wconf 80' lang='lat' dir='ltr'><strong>Ostia</strong></span> 
     </span>
     <span class='ocr_line' id='line_1_78' title="bbox 1364 4357 2415 4427; baseline -0.017 -1"><span class='ocrx_word' id='word_1_426' title='bbox 1364 4373 1550 4426; x_wconf 65' lang='lat' dir='ltr'><strong>muita</strong></span> <span class='ocrx_word' id='word_1_427' title='bbox 1568 4376 1658 4427; x_wconf 75' lang='lat' dir='ltr'><strong>est,</strong></span> <span class='ocrx_word' id='word_1_428' title='bbox 1694 4370 1820 4420; x_wconf 74' lang='lat' dir='ltr'><strong>idm</strong></span> <span class='ocrx_word' id='word_1_429' title='bbox 1855 4368 1954 4418; x_wconf 77' lang='lat' dir='ltr'><strong>loca</strong></span> <span class='ocrx_word' id='word_1_430' title='bbox 1975 4361 2165 4415; x_wconf 51' lang='grc' dir='ltr'><strong>καῦμ’</strong></span> <span class='ocrx_word' id='word_1_431' title='bbox 2183 4357 2415 4424; x_wconf 70' lang='lat' dir='ltr'><strong>polchreis</strong></span> 
     </span>
    </p>
   </div>
  </div>
 </body>
</html>
