3020 4853
1226 343 1643 394 PRAEFATm.
2137 336 2140 339 ‘
2487 329 2532 395 7

431 495 617 563 Libri
647 493 722 559 de
749 488 1075 558 verborum
1102 487 1552 578 significatione
1579 489 1816 573 integri
1846 488 2135 555 extitere
2181 507 2398 576 usque
2440 488 2530 556 ad

348 608 656 684 tempora
700 596 939 663 Caroli·
969 593 1225 679 Magni,
1277 594 1431 679 quis
1470 594 1732 659 Paulus
1763 592 2111 659 Diaconus
2141 593 2532 678 Longobar-

349 703 499 780 dus,
536 701 735 765 homo
767 696 1376 777 confidentissimus
1416 703 1503 762 et.
1521 695 2000 782 ineptissimae,
2029 716 2150 764 eos
2178 696 2533 777 mutilavit,

350 806 669 889 corrupit.
757 800 968 867 Victo
999 801 1172 866 enim
1211 820 1292 867 ac
1321 800 1679 886 profligato
1704 799 2086 879 Desiderio,
2116 802 2233 886 qui
2260 801 2533 867 ultimus

351 907 932 994 Longobardorum
983 923 1108 971 rex
1149 902 1300 982 fuit,
1340 910 1576 988 captus
1601 922 1644 968 a
1674 901 1921 969 Carolo
1954 902 2208 989 Magno
2238 902 2539 989 Impera-

350 1020 516 1091 tore,
563 1030 868 1095 maguam
906 1014 975 1075 et
1001 1028 1047 1075 a
1072 1008 1333 1095 victore
1358 1013 1424 1091 et
1451 1027 1495 1073 a
1522 1007 1912 1091 posteritate
1944 1027 2024 1072 se
2050 1007 2362 1089 initurum
2388 1025 2537 1090 gra-

350 1118 513 1182 tiam
559 1115 839 1200 putavit,
888 1113 949 1179 si
992 1112 1216 1179 Sexto
1268 1110 1595 1195 Pompeio
1647 1109 1854 1176 Festo
1901 1108 2155 1193 faceret
2181 1109 2361 1194 quod
2389 1110 2538 1194 ipse

351 1219 590 1305 Verrio
617 1218 912 1285 fecisset.
996 1214 1136 1281 Sed
1164 1214 1368 1280 homo
1397 1214 1727 1280 barbarus
1755 1213 1933 1279 hunc
1955 1213 2367 1297 scriptorem,
2398 1231 2542 1296 quo

354 1323 686 1389 utiliorem
724 1322 957 1406 lingua
986 1320 1235 1386 Latina
1261 1338 1397 1384 non
1422 1318 1643 1395 habet,
1670 1316 1774 1382 ita
1800 1316 2085 1402 accepit,
2114 1315 2295 1383 foede
2323 1315 2539 1381 lania-

351 1430 475 1507 vit,
502 1433 570 1493 et
598 1426 969 1492 inhonestis
1006 1422 1393 1489 vulneribus
1431 1422 1753 1500 confecit,
1797 1426 1875 1486 ut
1918 1420 2205 1486 cadaver
2244 1439 2372 1506 pro
2421 1420 2542 1486 ho-

354 1532 556 1619 mine,
577 1535 883 1596 truncum
911 1548 1035 1613 pro
1060 1546 1368 1612 corpore,
1396 1527 1848 1592 semianimem
1876 1545 2001 1609 pro
2029 1524 2187 1591 vivo
2213 1522 2412 1588 nobis
2440 1542 2542 1587 re-

352 1634 645 1720 liquerit.
731 1633 983 1717 Magno
1034 1638 1255 1698 tamen
1304 1629 1534 1696 favore
1558 1637 1626 1694 et
1654 1629 1901 1714 plausu
1918 1634 2239 1713 exceptus
2267 1633 2371 1693 est
2389 1628 2542 1693 bar-

354 1738 499 1804 bari
529 1737 928 1803 mutilatoris
958 1735 1147 1814 liber,
1177 1741 1250 1800 et
1269 1735 1426 1800 loco
1448 1732 1645 1799 Festi
1674 1732 1740 1796 in
1771 1731 2083 1797 omnibus
2113 1729 2543 1796 bibliothecis

358 1843 783 1929 substitutus.
840 1840 1039 1906 Unde
1066 1840 1257 1906 brevi
1285 1839 1536 1925 factum
1561 1842 1765 1903 estut
1793 1851 1994 1901 verus
2019 1830 2207 1898 Festi
2219 1832 2386 1898 liber
2406 1852 2546 1898 nou

357 1946 648 2030 amplius
695 1944 1100 2030 apparuerit.
1209 1942 1403 2007 Unus
1450 1945 1704 2005 tautum
1734 1937 1955 2004 adhuc
1997 1936 2277 2002 extabat
2332 1935 2545 2002 cladis

359 2055 725 2134 superstes,
754 2048 878 2114 sed
909 2046 1130 2131 qualis
1158 2044 1472 2112 incendio
1501 2048 1797 2128 ereptus,
1821 2039 2197 2108 consumtis
2218 2039 2546 2118 vestibus,

355 2153 673 2219 ustulatis
703 2151 1035 2230 membris,
1062 2149 1432 2215 deformata
1456 2147 1660 2225 facie,
1688 2147 1795 2213 vel
1823 2143 2096 2231 qualem
2125 2142 2240 2208 ille

840 2292 843 2295 ·
1062 2254 1386 2320 laniatum
1418 2270 1696 2336 corpore
1718 2256 1867 2334 toto

702 2358 1138 2445 Deiphobum
1168 2358 1357 2436 vidit,
1382 2359 1507 2422 Sto.

356 2466 523 2554 Ejus
551 2465 706 2532 libri
736 2465 1002 2534 advecti
1030 2483 1120 2529 ex
1137 2462 1409 2549 Illyrico
1435 2461 1674 2527 babuit
1702 2459 1966 2543 aliquas
1999 2453 2321 2539 pagellas
2350 2450 2552 2515 Pom·

356 2569 893 2657 pouiusJaaetus,
938 2577 1014 2654 ut
1045 2568 1241 2643 Pius,
1257 2573 1333 2633 ut
1362 2564 1748 2631 Politianus
1776 2560 2238 2646 scripserunt.⁸
2326 2551 2557 2636 Majo-

355 2674 674 2762 remulibri
700 2679 955 2760 partem
987 2670 1319 2738 Manilius
1349 2667 1618 2754 Rallus.
1672 2665 1782 2731 Ab
1805 2664 1915 2731 his
1946 2660 2245 2746 Angelus
2270 2657 2552 2724 Politia-

357 2769 488 2845 nus
546 2778 785 2845 librum
846 2777 1132 2862 accepit,
1184 2773 1480 2858 agnovit,
1525 2779 1597 2838 et
1638 2767 2023 2853 exscripsit.
2110 2763 2557 2830 Pervenerunt

357 2882 661 2968 reliquiae
691 2882 905 2948 libelli
949 2881 1038 2947 ad
1077 2877 1331 2959 Aldum
1371 2875 1785 2954 Manutium,
1815 2873 1935 2957 qui
1963 2874 2243 2937 conatus
2266 2871 2376 2932 est
2402 2883 2558 2930 cum

361 2987 568 3054 Pauli
594 2987 886 3071 epitome
917 3005 1037 3052 eas
1064 2984 1493 3070 conjungere,
1536 2985 1607 3046 et
1631 2998 1835 3045 unum
1878 2993 2126 3059 corpus
2152 2990 2241 3036 ex
2270 2965 2557 3053 duplici-

361 3093 493 3158 bus
533 3090 856 3157 membris
915 3089 1269 3170 conficere.
1357 3085 1580 3155 Simili
1626 3083 1887 3149 ratione
1929 3099 2017 3145 ex
2058 3081 2342 3160 utroque
2385 3071 2564 3138 libro.

362 3195 710 3262 confectus
739 3194 910 3261 alter
934 3195 1102 3260 liber
1130 3193 1415 3259 extabat
1439 3188 1625 3275 apud
1663 3184 2002 3252 Achillem
2046 3178 2350 3245 Mafeum
2393 3173 2560 3239 Ber-

363 3298 624 3365 nardini
667 3297 1045 3364 Cardinalis
1097 3296 1390 3376 fratrem,
1434 3293 1553 3380 qui
1598 3289 1850 3356 Aldino
1877 3282 2302 3369 locupletior.
2389 3276 2559 3342 Eum

364 3401 732 3488 exscripsit
759 3401 863 3469 vir
885 3400 1375 3467 eruditissimus
1393 3385 1728 3463 Antonius
1749 3386 2161 3474 Augustinus
2182 3381 2564 3467 Episcopus

368 3505 758 3584 Ilei-densis,
801 3510 872 3571 et
913 3503 1043 3570 hoc
1086 3501 1375 3587 amplius
1418 3499 1707 3565 lectores
1749 3487 2116 3566 admonuit,
2160 3503 2315 3570 quae
2353 3481 2565 3559 Festi,

369 3630 527 3695 quae
557 3610 766 3676 Pauli
807 3615 1050 3675 essent.
1138 3606 1388 3672 Omnia
1429 3620 1706 3688 quoque
1747 3597 2120 3684 fragmenta
2164 3608 2320 3673 quae
2355 3585 2566 3650 habu-

370 3701 516 3781 erat
544 3735 636 3781 ex
664 3713 1076 3780 bibliotheca
1101 3708 1525 3796 Amplissimi
1553 3705 1678 3772 viri
1705 3698 2009 3769 Far-nesii
2040 3690 2424 3762 cardinalis
2452 3687 2569 3753 de-

374 3818 580 3884 scribi
607 3818 886 3894 curavit,
913 3823 988 3882 et
1010 3810 1500 3881 commentariis
1541 3803 1919 3874 illustravit.
2008 3798 2179 3864 Post
2203 3814 2358 3860 eum
2388 3791 2569 3857 criti·

380 3941 614 3988 corum
647 3917 972 4006 Princeps
997 3919 1041 3986 J
1045 3917 1342 4004 osephus
1363 3913 1663 3997 Scaliger
1690 3909 1844 3974 huic
1874 3902 2133 3971 auctori
2154 3893 2568 3964 emendando

384 4023 964 4110 diligentissimam
991 4041 1260 4108 operam
1292 4016 1635 4106 praestitit,
1658 4011 1866 4078 multa
1895 4007 2172 4074 vulnera
2195 3999 2484 4076 sanavit,
2501 4003 2570 4060 et

740 4262 763 4288 ⁸
796 4254 873 4304 Ex
897 4252 1091 4306 Antou.
1127 4249 1347 4316 August.
1372 4247 1453 4298 Ex
1484 4239 1736 4295 Politian·
1758 4235 1912 4287 cent.
1935 4236 1979 4282 ις
1999 4243 2118 4295 cap·
2137 4230 2222 4278 7⁸.
