3020 4853
313 642 626 714 Caecilius
677 652 747 717 in
778 654 1153 740 Hymnide:
1196 664 1501 737 Garrulis
1555 676 1892 746 medentes
1935 683 2192 768 jactent
2233 695 2389 784 tsine

309 747 625 818 nictentur
648 758 939 837 perticis.
1026 763 1293 834 Novius
1322 771 1392 836 in
1420 774 1817 864 Macchoco,
1853 785 2040 868 Pone
2070 803 2393 878 actutum,

306 851 560 931 scribit,
589 875 738 922 cum
765 861 830 924 in
859 882 1065 931 nervo
1094 870 1468 943 nictabere:
1489 888 1521 928 4
1564 883 1734 949 unde
1778 890 2051 971 quidam
2077 897 2387 968 nictatio-

304 970 464 1032 nem,
486 957 758 1039 quidam
786 962 1059 1046 nictum,
1084 975 1156 1035 ut
1175 971 1494 1046 Coecilius
1526 983 1592 1046 in
1615 989 1840 1070 pugile
1868 1001 1930 1058 :⁵
1954 1001 1983 1031 ⁰
2022 997 2195 1065 Tum
2222 1003 2388 1072 inter

299 1054 703 1126 laudandum
745 1062 914 1130 bunc
957 1069 1263 1138 timidum
1310 1084 1607 1150 tremulis
1649 1091 1988 1175 palpebris
2031 1101 2386 1173 Percutere

301 1158 519 1241 nictu3
564 1161 675 1228 bic
720 1166 1005 1248 gaudere
1035 1181 1103 1237 et
1129 1178 1449 1248 mirarier.
1537 1187 1756 1258 Nictit
1793 1199 1981 1265 canis
2009 1200 2075 1266 in
2104 1205 2383 1274 odoran-

296 1257 397 1324 dis
426 1261 707 1330 serarum
752 1272 1051 1355 vestigiis
1082 1276 1318 1347 leviter
1359 1291 1705 1373 gannienS,
1738 1304 1811 1363 ut
1841 1301 2086 1370 Ennius
2114 1307 2183 1371 in
2213 1309 2380 1379 libro

297 1375 374 1424 x.
404 1365 613 1432 veluti
652 1369 982 1455 siquando
1017 1377 1297 1449 vinculis
1329 1393 1639 1459 venatica
1667 1416 1976 1468 venenox
1995 1405 2024 1447 ⁶
2065 1418 2227 1493 apta
2270 1433 2374 1479 so-

291 1462 399 1542 let,
432 1467 494 1532 si
523 1467 696 1536 sorte
723 1493 812 1539 ex
852 1496 1009 1544 nare
1053 1489 1278 1567 sagaci
1310 1495 1541 1573 sensit,
1574 1518 1742 1566 voce
1771 1524 1897 1571 sua
1942 1512 2188 1591 nictit,⁷
2231 1518 2379 1582 ulu-

289 1564 533 1654 latque,
564 1572 663 1639 ibi
692 1586 895 1647 acuta
923 1586 1042 1648 est.
1122 1585 1320 1656 Unde
1345 1593 1370 1632 ⁸
1416 1595 1573 1679 ipsa
1601 1607 1945 1684 gannitio.P

214 1663 472 1736 Nictare
499 1682 525 1721 ‘¹
568 1681 669 1741 est
686 1680 1028 1748 oculorum
1050 1693 1125 1784 «εἰε
1143 1690 1426 1761 aliorum
1452 1706 1890 1776 membrorum
1914 1714 2061 1781 nisu
2106 1719 2374 1802 [PAUL.

283 1789 462 1855 saepe
538 1778 792 1863 aliquid
871 1789 1097 1854 conari
1132 1812 1149 1856 ε
1221 1795 1505 1866 dicimus
1576 1809 1751 1874 enim
1829 1816 2248 1888 nictationem
2302 1836 2373 1892 et

281 1874 553 1958 nictum,
612 1882 970 1956 Caecilius:
1020 1892 1218 1961 Hunc
1271 1906 1568 1988 tremulis
1624 1913 1969 1998 palpebris
2018 1919 2371 1994 Percutcre

280 1977 480 2046 nictu.
573 1983 789 2053 Nictit
830 1993 1059 2057 canisr
1084 1997 1147 2061 in
1179 2001 1529 2074 odorandis
1560 2012 1845 2084 serarum
1878 2027 2176 2109 vestigiis
2203 2030 2371 2095 leni·

281 2084 377 2143 ter
421 2087 764 2164 ganniens.
851 2092 1137 2163 Ennius:
1210 2103 1389 2173 Nare
1445 2119 1675 2197 sagaci
1734 2126 1957 2204 sensit,
2015 2146 2184 2195 voce
2244 2152 2369 2198 sua

277 2181 485 2262 nictit,
518 2187 878 2277 ululatque.
949 2196 1142 2267 Unde
1172 2214 1243 2269 et
1268 2214 1590 2290 gannitio.

204 2278 435 2367 Niger⁸
476 2288 659 2373 lapis
690 2293 757 2357 in
789 2300 1063 2367 comitio
1094 2293 1312 2373 locum
1342 2313 1677 2386 funestum
1718 2325 2069 2411 significat,
2111 2332 2362 2415 [FEST.

1076 2486 1437 2514 mmm„

233 3552 258 3587 Ρ
292 3549 424 3602 Unde
444 3553 545 3617 ipsa
559 3557 803 3622 gannitio]
824 3561 886 3611 In
908 3564 1111 3618 schedis
1128 3604 1143 3620 .
1161 3603 1176 3621 .
1191 3604 1212 3624 .
1287 3588 1488 3640 sequor,
1510 3595 1675 3648 neque
1691 3587 1828 3636 enim
1852 3588 1939 3639 illa
1957 3593 2172 3643 vendica
2190 3609 2340 3644 om

183 3620 305 3674 Um
324 3657 339 3676 .
355 3661 370 3676 .
387 3660 402 3678 .
417 3665 433 3680 .
452 3664 469 3680 .
486 3664 501 3680 .
522 3664 535 3681 .
557 3667 572 3682 .
586 3636 691 3698 ipen
722 3640 961 3698 gannitio.
1035 3646 1175 3712 Lege
1190 3664 1207 3699 z
1287 3653 1492 3715 probari
1517 3674 1670 3721 posse
1688 3661 1933 3716 arbitror.
1963 3668 2091 3717 Dae.

174 3701 866 3771 muneramagna-itio.
899 3716 1065 3770 Idem.
1346 3737 1365 3762 ⁰
1399 3731 1585 3800 Niger]
1644 3735 1879 3790 Historia
1933 3743 2078 3793 nobis
2142 3745 2335 3809 ignota.

228 3785 251 3818 «Ι
285 3779 505 3849 Nic-tare]
574 3788 726 3839 Ennii
776 3807 981 3846 carmen
1025 3799 1114 3852 lib.
1149 3817 1207 3855 x.
1283 3802 1413 3855 Aac.
1433 3809 1566 3870 Aug.

169 3854 449 3910 mendosum
470 3870 570 3914 est.
601 3868 869 3933 Anam-3.
1351 3882 1534 3949 Niger]
1572 3886 1789 3951 Nigrum
1810 3891 2032 3955 lapidem
2049 3895 2202 3945 morti
2226 3896 2330 3946 Ro-

226 3933 245 3959 ‘
276 3930 601 4006 Nietitcmiu]
636 3942 723 3992 Ob
746 3943 956 3997 odorem
977 3948 1201 4006 serarum
1283 3959 1407 4015 muli
1444 3960 1759 4014 destinatum
1798 3967 1962 4030 primo
1995 3971 2104 4022 ait:
2139 3972 2339 4023 deinde·

168 4003 367 4056 naribus
390 4010 654 4076 objectum
678 4018 938 4073 oculorum
962 4033 1018 4076 et
1040 4044 1191 4081 mem·
1278 4033 1576 4087 Faustulum
1596 4041 1875 4093 nutricium
1902 4046 2107 4098 Romuli
2133 4048 2327 4099 ibidem

169 4076 361 4133 brorum
381 4088 493 4138 nisu
516 4095 690 4153 gestit.
733 4097 923 4150 Vernus
945 4103 1099 4156 Ennii
1120 4109 1197 4160 eie
1275 4112 1553 4174 sepultum.
1621 4117 1837 4182 Reliqua
1857 4135 1958 4171 uon
1988 4126 2324 4191 assequimur.

164 4153 280 4218 legit
302 4159 490 4229 scalig.
514 4166 562 4214 in
585 4171 926 4234 conjectaneis
962 4179 1027 4228 ad
1064 4182 1201 4245 Ver<
1271 4188 1520 4252 Lapidem
1554 4192 1686 4245 bunc
1738 4195 1915 4248 λίθινον
1948 4201 2120 4252 λέοντα
2175 4213 2328 4256 vocat

166 4243 264 4283 ron.
304 4236 588 4305 Animumque
612 4246 665 4295 in
682 4255 870 4312 pectore
891 4255 1054 4315 latrat,
1087 4260 1191 4310 Vel·
1272 4265 1553 4329 Dionysius
1633 4271 2089 4340 Halicarnasseuu
2173 4284 2319 4346 cujus

162 4306 245 4371 uli,
265 4311 485 4373 riq-umido
508 4319 655 4370 vinclo
683 4328 894 4380 venatica
924 4331 1038 4384 αέκο
1057 4335 1191 4399 Apta
1274 4342 1445 4406 verba,
1465 4347 1586 4411 quia
1608 4357 1830 4402 mentem
1855 4354 1995 4406 Festi
2019 4359 2163 4407 nobis
2198 4375 2319 4424 epe·

283 4389 452 4459 Delpk.
474 4403 520 4448 el
548 4400 658 4455 Ver.
679 4406 803 4459 ctas.
1074 4418 1241 4485 Pomp.
1266 4423 1397 4476 Fae.
2068 4443 2100 4487 2
2135 4440 2184 4488 Η
