3020 4853
519 383 650 453 166

2659 358 2670 387 l

1216 398 1440 450 snx‘rl
1489 399 1798 448 pomum
1849 399 2057 449 BBS'H

522 547 833 615 Coclacae
856 553 907 587 ¹⁰
929 553 956 583 ⁸
985 544 1289 614 dicuntur
1312 545 1577 631 lapides
1603 566 1693 611 ex
1722 546 1989 611 flumine
2011 546 2279 613 rotundi
2309 547 2396 613 ad
2427 550 2692 614 coclea·

605 655 751 719 ruin
778 649 1294 717 similitudinem.

522 754 878 821 Unctiones
897 751 924 790 ὓ
968 753 1134 819 dicti
1179 753 1479 819 videntur
1509 773 1554 819 a
1582 755 2026 835 cunctatione,
2057 756 2242 841 quod
2273 758 2341 823 in
2369 756 2691 834 emendiS,

604 856 1102 942 vendendisque
1151 858 1479 923 mercibus
1527 858 1717 923 tarde
1761 861 2153 944 perveniant
2196 860 2282 926 ad
2301 860 2474 945 justi
2505 860 2694 945 pretii

603 961 823 1028 finem.
884 962 1129 1048 Itaque
1157 961 1339 1049 apud
1362 961 1671 1046 antiquos
1691 962 1907 1046 prima
1932 964 2192 1049 syllaba
2214 984 2329 1050 per
2347 964 2416 1030 V
2443 966 2694 1031 literam

608 1065 1046 1132 scribebatur.

1428 1197 1791 1225 ”00000000‘0

584 1337 647 1383 10
681 1332 807 1397 Alii,
840 1339 976 1385 teste
1016 1335 1153 1387 Scal.
1196 1337 1521 1389 omnnem.
1566 1338 1584 1367 ⁸
1610 1338 1839 1390 Doctiss.
1877 1338 2090 1390 Vossius
2129 1337 2579 1403 putntmebleneae,
2614 1337 2695 1389 vel

520 1399 771 1449 eocmecoe:
804 1400 895 1451 sed
918 1401 1121 1452 omuino
1143 1402 1415 1468 legendnm
1434 1405 1681 1468 cochlaeo,
1705 1420 1737 1455 a
1756 1406 1944 1458 Graeco
1970 1406 2171 1458 scilicet
2191 1402 2465 1468 xbxams!
2498 1404 2624 1454 Dsc.

1504 1552 1556 1603 N
1561 1550 1718 1603 0⁹1·AE

520 1643 690 1695 Edulii
710 1644 890 1695 melius
910 1659 1027 1696 cum
1048 1646 1233 1698 Vossio
1255 1648 1395 1713 legas
1414 1649 1567 1713 potio-

518 1723 612 1772 nis.
662 1722 746 1772 Ad
770 1724 1048 1788 poculenta
1069 1724 1201 1774 enim
1227 1726 1392 1790 potius
1414 1741 1566 1792 quatu

518 1798 584 1849 ad
607 1802 871 1852 esculenta
890 1804 1154 1869 pertinuit.
1188 1807 1310 1857 Dae.

580 1884 606 1911 ⁸
641 1879 874 1945 Coclaeoe]
927 1880 1132 1946 Nempe
1153 1882 1457 1935 Graecnuice
1478 1882 1570 1935 de·

516 1959 734 2017 tortum,
755 1953 1010 2023 nbxmss.
1030 1959 1139 2009 Jos.
1159 1958 1289 2009 Scal-

577 2027 603 2063 θ
640 2030 909 2098 Coctienes]
946 2034 1081 2086 Vide
1115 2037 1130 2064 ⁸
1155 2036 1396 2088 arilatorss
1442 2037 1566 2089 Ant.

583 2186 849 2252 coctiones]
882 2190 1044 2241 Recte
1082 2188 1282 2257 definit,
1314 2204 1445 2257 quos
1482 2206 1564 2241 su·

512 2263 688 2327 perius
722 2280 754 2315 a
792 2265 955 2317 Gallis
989 2268 1356 2332 Bergine-amr
1394 2272 1566 2322 vocari

512 2340 812 2395 monuimus.
876 2345 949 2395 Et
985 2352 1151 2410 recte,
1177 2354 1236 2397 nt
1267 2345 1381 2412 ipse
1414 2349 1505 2413 ait,
1536 2363 1568 2399 a

509 2417 790 2471 Veteribus
811 2436 906 2487 per
953 2422 1002 2474 V
1028 2424 1195 2476 Curtio
1222 2425 1565 2479 scribebatur.

509 2496 649 2549 Quia
688 2499 865 2551 Caelus
897 2500 1161 2565 dicebaut,
1200 2504 1337 2571 quod
1378 2514 1563 2570 postea

514 2576 742 2643 Cunctas,
768 2588 822 2630 et
857 2581 1034 2646 Cujus,
1068 2583 1206 2649 quod
1239 2592 1422 2649 postea
1451 2600 1562 2636 con·

494 2652 655 2713 me:
689 2664 744 2707 et
766 2657 964 2709 similia.
1026 2662 1043 2690 ⁸
1068 2661 1303 2724 Cuctus,’
1324 2663 1340 2691 ⁸
1355 2664 1561 2728 conjec-

507 2738 591 2781 tus
607 2731 641 2795 :f
663 2735 759 2799 ut⁸
776 2740 973 2786 tractus
986 2736 1002 2760 ’
1024 2753 1120 2804 pro
1141 2739 1156 2766 ‘
1176 2740 1423 2804 trajectus
1437 2740 1471 2791 :’
1491 2740 1560 2792 de

507 2824 609 2875 quo
632 2810 684 2862 iu
708 2811 1013 2880 Appendice
1031 2818 1082 2867 in
1104 2818 1423 2871 Varronem:
1447 2821 1565 2885 qnia

506 2887 750 2942 dicebant
767 2894 782 2921 ⁸
804 2892 979 2944 Coicio
993 2893 1080 2954 {et
1099 2897 1116 2924 ⁸
1132 2896 1401 2961 cojectus.’
1464 2900 1563 2950 La·

503 2963 677 3018 berius
717 2969 769 3018 iu
808 2971 1211 3023 Necromantia:
1247 2974 1263 3002 ⁸
1289 2974 1431 3025 Duas
1468 2992 1563 3027 nx·

503 3045 652 3093 ores?
684 3045 862 3098 hercle
905 3049 1001 3100 boc
1047 3052 1163 3116 plus
1208 3054 1404 3119 negotii
1448 3056 1563 3118 Est,

499 3121 690 3188 inquis.
768 3125 926 3177 Cocio
962 3142 1054 3179 sex
1099 3130 1274 3181 aediles
1320 3132 1559 3184 viderat.’

499 3197 608 3250 Ubi
654 3201 812 3260 Cocio,
854 3218 957 3255 uon
998 3208 1146 3256 coctio
1198 3208 1459 3274 scribitur,
1499 3217 1560 3261 ut

499 3291 641 3343 soepe
665 3281 826 3332 alias:
852 3291 911 3334 ut
934 3284 985 3333 in
1010 3285 1303 3338 Glossario:
1337 3289 1354 3317 ⁸
1377 3288 1557 3349 Cocio,

495 3355 806 3417 perdamus)
869 3359 1129 3412 Isidorus:
1164 3370 1178 3391 ⁸
1204 3364 1387 3429 Cocio,
1410 3366 1559 3417 arila-

497 3433 634 3484 tor:’
666 3436 718 3486 in
758 3439 1016 3491 veteribus
1057 3442 1296 3494 Glossis:
1331 3445 1348 3472 ⁸
1373 3445 1557 3496 Cocio·

494 3519 703 3578 natura,
742 3515 1067 3581 undrpwts!
1148 3520 1211 3569 In
1249 3520 1552 3572 Glossario:

492 3591 510 3622 ⁸
528 3592 804 3660 Cociatris,
816 3597 1180 3658 μσαβληηκή3
1229 3600 1442 3650 Mallem
1461 3601 1554 3650 Co-

491 3667 727 3724 detnsa.-
749 3681 825 3736 ut,
857 3676 872 3703 ⁸
897 3675 1212 3728 medin-ina!
1260 3678 1439 3731 Quare
1462 3693 1553 3730 au·

493 3756 600 3800 tem
634 3750 834 3803 Gellius
874 3753 1223 3818 reprehendat
1256 3755 1554 3821 Laberium,

494 3829 581 3892 qui
601 3832 908 3896 pervulgate
929 3832 1125 3883 dixerit
1148 3833 1412 3896 Cot-ionem,
1432 3850 1550 3886 cum

490 3902 709 3957 Veteres
732 3906 969 3959 dicerent
991 3909 1456 3975 Arni-torem,non
1480 3913 1555 3964 vi-

489 3980 606 4033 deo.
694 3983 916 4036 Plautus
961 3987 1098 4037 enim
1144 3987 1384 4039 Asinaria
1430 4004 1549 4041 usus

487 4065 585 4111 est.
664 4061 855 4128 Itaque
900 4077 1001 4113 nou
1044 4071 1127 4114 est
1172 4067 1549 4133 pervulgatum,

488 4152 674 4203 neque,
698 4147 756 4189 ut
778 4139 893 4204 ipse
921 4140 1123 4193 Gellius
1157 4144 1405 4210 loquitur,
1430 4161 1548 4212 pro-

486 4217 747 4268 culcatum
770 4218 1091 4270 vocabulum.
1123 4221 1228 4270 dos.
1250 4220 1375 4273 ὗσαι.

1717 1647 1985 1712 Coctiones]
2008 1647 2355 1701 Glossarium:
2391 1649 2408 1677 ⁸
2433 1648 2594 1704 cocio,
2613 1666 2691 1709 με·

1647 1724 1894 1784 danaos!
1954 1726 2157 1778 Giossae
2199 1731 2328 1776 vett.
2362 1725 2379 1753 ⁸
2403 1724 2691 1775 cocionatu·

1649 1820 1723 1867 ra,
1754 1803 2080 1867 percis-pacis!
2143 1802 2372 1853 Glossar.
2396 1802 2415 1830 ⁸
2432 1802 2692 1864 cociatris,

1645 1880 2009 1944 μεταβλητική]
2059 1880 2208 1945 Legit
2229 1879 2463 1944 Scaliger
2483 1879 2696 1929 ουσίαν-ι’-

1646 1977 1728 2025 na,
1759 1969 1818 2011 ut
1849 1964 1865 1990 ⁸
1891 1958 2202 2011 medimna!
2267 1959 2437 2010 Gloss.
2474 1957 2692 2008 Isidori:

1647 2041 1662 2068 ⁸
1689 2038 1866 2096 Cocio,
1909 2035 2156 2089 arilator.’
2230 2036 2365 2087 Vide
2401 2037 2419 2065 ⁸
2448 2036 2696 2088 arilator.’

1651 2116 1836 2182 Curtio,
1877 2117 2043 2179 coctio,
2083 2115 2227 2179 coeio,
2277 2115 2403 2166 eliso
2442 2118 2482 2164 t.
2525 2115 2694 2165 Plaut.

1649 2191 1852 2245 Asinar.
1874 2208 1912 2244 1.
1936 2198 1985 2242 ³.
2014 2195 2031 2223 ⁸
2053 2194 2220 2243 Vetus
2241 2197 2344 2254 est,
2378 2191 2522 2241 nihili
2556 2190 2695 2241 cocio

1648 2276 1748 2335 est,
1784 2271 1882 2322 scis
1914 2269 2096 2336 cujus.'
2159 2270 2329 2323 Quem
2350 2269 2515 2320 locum
2539 2269 2694 2334 pessi·

1647 2365 1727 2399 me
1772 2350 1983 2413 accepit
2031 2346 2359 2399 doctissimus
2406 2346 2694 2402 Salmasius.

1645 2428 1731 2495 qni
1765 2429 2020 2494 integrum
2056 2424 2387 2492 proverbium
2416 2422 2573 2476 fuisse
2607 2436 2698 2489 pu·

1647 2512 1745 2569 tat,
1776 2506 1793 2534 ⁸
1817 2507 1958 2557 nihili
1977 2506 2122 2557 cocio
2144 2512 2226 2555 est
2259 2505 2346 2570 qui
2369 2501 2591 2554 creditz'
2623 2503 2698 2552 ui·

1642 2584 1712 2634 hil
1735 2584 1853 2635 dico
1866 2583 1933 2635 de
1956 2584 2275 2649 conjectura,
2293 2597 2410 2649 qun
2426 2583 2569 2633 unllo
2582 2580 2695 2631 fun-

1642 2663 1886 2715 damento
1907 2665 2118 2715 nititur:
2153 2668 2354 2713 certum
2395 2668 2477 2712 est
2508 2660 2634 2711 illud
2666 2675 2697 2710 a

1643 2744 1912 2795 Clearetae
1938 2750 2110 2794 mente
2143 2755 2258 2793 esse
2296 2754 2448 2806 quam
2478 2739 2697 2790 maxime

1642 2822 1884 2888 alienum,
1915 2822 2065 2887 cujus
2097 2820 2258 2871 verba
2287 2820 2363 2869 sic
2390 2816 2700 2882 explicanda

1644 2915 1862 2952 censeo:
1898 2902 1915 2930 ⁸
1937 2896 2418 2960 Quemadmodum:
2448 2896 2614 2959 iuquit
2637 2895 2698 2945 il·

1644 2978 1714 3042 la,
1743 2981 1760 3008 ⁸
1785 2993 1900 3042 nos,
1945 2991 2284 3044 quocumque
2329 2976 2562 3027 volumus
2602 2972 2697 3028 nti.

1643 3057 1836 3109 Graeca
1878 3070 2166 3107 mercamur
2205 3054 2327 3117 fide,
2369 3053 2445 3104 ita
2482 3060 2542 3103 ut
2581 3066 2695 3101 cum

1641 3150 1713 3186 ωε
1734 3136 1932 3198 damus,
1953 3143 2062 3186 tum
2100 3148 2320 3185 mercem
2357 3131 2505 3182 nobis
2536 3131 2694 3181 etiam

1639 3215 1784 3273 dent,
1830 3215 2008 3266 eadem
2044 3228 2138 3264 nos
2172 3212 2444 3277 disciplina
2485 3212 2695 3275 utimur,

1636 3295 1859 3344 oculata!
1893 3307 2097 3358 semper
2130 3298 2323 3342 nostra
2353 3297 2473 3340 sunt
2495 3304 2696 3352 manus,

1634 3369 1686 3420 id
1709 3370 1928 3421 credunt
1950 3369 2086 3436 quod
2111 3367 2306 3430 vident,
2326 3374 2385 3417 ut
2410 3374 2561 3417 vetus
2585 3367 2694 3417 die·

1637 3454 1743 3497 tum
1769 3456 1881 3498 est:
1918 3447 2017 3497 scis
2040 3447 2208 3511 cujus,
2240 3443 2382 3494 nihili
2409 3444 2557 3494 cocio
2579 3443 2696 3494 est.'

1638 3524 1702 3574 Id
1746 3533 1843 3585 est,
1889 3539 1983 3590 pro
2022 3523 2180 3574 nihilo
2221 3521 2415 3572 ducere
2452 3520 2699 3571 debemus

1636 3617 1724 3652 eos
1761 3604 2006 3668 homines,
2043 3603 2149 3669 qni,
2184 3616 2299 3652 cum
2325 3614 2417 3650 nos
2441 3600 2695 3650 usurarias

1634 3680 1735 3731 sibl
1758 3688 2072 3738 mercantur,
2091 3678 2397 3730 tantillulum
2423 3677 2544 3741 quid
2568 3676 2694 3727 dan-

1636 3767 1734 3824 tes,
1758 3759 2011 3810 mercedis
2036 3757 2287 3823 reliquum
2326 3757 2380 3805 in
2412 3757 2548 3806 diem
2577 3771 2691 3820 pro·

1631 3834 1758 3887 ferri
1799 3837 2079 3902 postulant,
2113 3843 2172 3885 ut
2206 3835 2443 3885 cociones
2476 3835 2530 3885 in
2562 3833 2693 3891 soro,

1633 3915 1722 3980 qni
1762 3916 2100 3966 emturientes
2143 3913 2270 3963 dant
2320 3926 2510 3972 arram,
2551 3927 2693 3963 eaeca

1632 3992 1717 4045 die
1756 4002 1934 4045 cetera
1975 3992 2212 4043 soluturi.
2281 3991 2471 4057 Neque
2510 3992 2693 4042 melius

1629 4071 1766 4122 idem
1788 4071 1903 4132 hoc,
1924 4072 1941 4100 ⁸
1959 4070 2078 4120 scis·
2096 4066 2271 4133 cujns'
2304 4068 2569 4119 intellexit
2602 4069 2688 4133 qui

1628 4149 2013 4213 interpretatur
2032 4148 2047 4175 ⁸
2070 4147 2172 4196 scis
2191 4145 2390 4211 qnalis‚’
2411 4153 2468 4196 ut
2487 4147 2684 4212 ‘cujum

1628 4225 1838 4294 pecus:'
1869 4223 2006 4292 quod
2047 4224 2205 4275 miror
2246 4223 2524 4274 tantoviro
2546 4222 2683 4274 exci-
