3020 4853
1178 345 1348 409 Quat
1398 342 1735 394 axum.
1813 346 1820 351 ⁴
2462 318 2554 390 23

445 497 747 564 Senonas
798 492 1036 563 Gallos
1096 491 1374 558 Verrius
1429 489 1527 557 ait
1569 489 1938 556 existimari
1993 486 2338 573 appellari,
2387 489 2547 574 quia

363 602 519 668 novi
551 600 875 680 venerint,
901 602 1022 665 &c.

445 705 691 772 Serilla
719 704 996 771 Verrius
1026 701 1357 787 appellari
1384 707 1582 786 putat
1624 695 1891 782 navigia
1940 695 2206 774 Istrica,
2243 700 2366 762 &a
2397 712 2547 761 eum

360 815 839 894 περιφραστικῶς,
868 815 937 873 et
966 805 1126 872 ficto
1155 804 1485 872 vocabulo
1513 822 1676 869 usus
1706 803 1819 879 sit,
1850 804 1973 865 &m

442 914 777 979 Sertorem
807 910 1079 997 quidam
1109 915 1352 995 putant
1383 907 1634 972 dictum
1667 925 1709 970 a
1736 901 2153 990 prendendo,
2191 907 2313 968 διο.
2361 900 2544 986 quod

354 1024 563 1084 totum
593 1014 866 1082 Verrius
892 1012 1169 1087 ἀπιθάνως
1191 1010 1591 1078 introduxit.

442 1120 865 1187 silicernium
891 1117 1166 1184 Verrius
1194 1116 1561 1194 existimat,
1589 1116 1714 1178 διο.

443 1224 670 1303 Solea,
716 1231 786 1289 ut
822 1225 918 1290 ait
955 1222 1262 1300 VerriuS,
1295 1228 1398 1285 est
1428 1239 1560 1284 non
1590 1215 1802 1283 solum
1845 1233 1952 1292 ea,
1997 1230 2145 1298 quae
2177 1210 2326 1276 solo
2353 1208 2547 1296 pedis

355 1328 730 1413 subjicitur,
760 1327 880 1392 sed
909 1328 1111 1392 etiam
1144 1345 1266 1410 pro
1292 1324 1574 1389 materia
1601 1322 1901 1397 robusta,
1932 1321 2055 1382 διο.

444 1432 680 1498 Solida
706 1431 893 1511 sella,
922 1434 1044 1496 Sic.
1076 1425 1509 1514 appellabant,
1542 1424 1758 1510 inquit
1787 1421 2086 1499 VerriuS,
2115 1412 2292 1503 quod
2321 1412 2549 1481 scilicet

357 1542 492 1599 eota
523 1545 696 1616 esset,
720 1534 1015 1603 absurde
1047 1541 1126 1599 ut
1155 1532 1317 1599 mihi
1343 1529 1625 1609 videtur,
1648 1531 1770 1592 διο.

444 1632 610 1704 Sola
639 1640 1059 1725 appellantur
1102 1635 1367 1712 sedilia,
1401 1639 1524 1700 διο.
1557 1652 1733 1717 quae,
1764 1634 1837 1695 ut
1865 1627 1963 1693 ait
1992 1622 2293 1704 Verrius»,
2326 1622 2550 1690 omnia

360 1742 545 1809 dicta
573 1749 728 1808 sunt
751 1763 794 1808 a
825 1738 1024 1818 sollo,
1054 1745 1174 1807 &a

444 1842 791 1930 Spondere
824 1845 1100 1911 Verrius
1131 1851 1322 1931 putat
1348 1845 1626 1920 dictum,
1676 1837 1855 1925 quod
1890 1840 2131 1921 sponte
2163 1853 2312 1911 sua,
2342 1828 2412 1897 id
2449 1834 2549 1894 est

355 1948 721 2030 voluntate,
740 1949 1177 2036 promittatur.
1231 1944 1489 2013 Deinde
1510 1945 1759 2012 oblitus
1777 1939 2078 2006 inferiore
2097 1937 2321 2022 capite
2342 1952 2553 2019 spon·

356 2071 501 2118 sum
532 2060 599 2119 et
627 2072 946 2139 sponsam
975 2072 1064 2118 ex
1094 2053 1338 2118 Graeco
1373 2051 1626 2115 dictam
1657 2047 1776 2126 ait,
1807 2048 1924 2110 διο.

442 2156 826 2222 Stellionem
848 2177 1039 2243 genus
1061 2153 1302 2219 lacerta:
1323 2152 1599 2218 Verrius
1627 2149 1872 2214 dictum
1900 2143 2018 2224 ait,
2049 2147 2172 2208 διο.

444 2261 821 2345 Stipatores
852 2262 948 2325 ait
976 2259 1193 2324 dictos
1224 2278 1267 2324 a
1298 2257 1505 2341 stipe,
1532 2258 1655 2320 &c-

443 2364 777 2431 Suburam
817 2362 1095 2429 Verrius
1151 2363 1286 2430 alio
1329 2361 1500 2425 libro
1546 2380 1588 2423 a
1628 2376 1805 2443 pago
1856 2353 2253 2417 Succusano
2300 2346 2549 2410 dictam

354 2472 492 2537 ait:
537 2471 667 2537 hoc
699 2492 856 2538 vero
882 2471 1173 2537 maxime
1202 2468 1445 2555 probat
1473 2484 1704 2531 eorum
1737 2459 2158 2533 auctoritate,
2189 2458 2313 2519 διο.

442 2576 1024 2662 Supervacaneum
1046 2586 1113 2639 ut
1145 2571 1392 2637 videtur
1412 2570 1684 2636 secludit
1712 2563 1988 2629 Verrius
2016 2558 2096 2624 ab
2123 2578 2339 2635 vacuo,
2367 2557 2485 2619 &a

442 2679 715 2745 Taenias
756 2679 1069 2747 Graecam
1118 2697 1348 2743 vocem
1397 2677 1494 2741 sic
1535 2674 1996 2756 interpretatur
2022 2662 2322 2739 VerriuS,
2351 2655 2423 2725 ut
2451 2657 2550 2722 di·

359 2789 471 2850 cat
498 2789 949 2849 ornamentum
972 2803 1118 2848 esse
1146 2782 1404 2846 laneum
1436 2776 1682 2862 capitis
1708 2766 2032 2849 honorati,
2064 2770 2186 2832 Sto.

445 2887 749 2953 Talionis
792 2888 1193 2952 mentionem
1246 2885 1384 2951 fieri
1432 2886 1500 2949 in
1552 2876 1910 2946 duodecim
1959 2872 2053 2938 ait
2081 2867 2386 2945 Verrius,
2431 2868 2551 2929 &c-

361 3011 579 3077 neque
606 2991 701 3070 id,
724 2989 886 3075 quid
916 2989 1243 3074 significet
1265 2986 1541 3065 indicat,
1573 2989 1736 3070 puto
1765 2977 1926 3065 quia
1947 2981 2172 3040 notum
2196 2979 2322 3050 est,
2342 2974 2464 3034 διο.

444 3095 760 3162 Taminia
789 3113 925 3159 uva
951 3095 1299 3180 sylvestris
1328 3090 1582 3177 generis
1605 3085 1864 3154 videtur
1884 3079 2127 3147 Verrio
2156 3075 2365 3151 dicta,
2398 3088 2549 3156 quae

365 3205 494 3266 tam
525 3202 696 3265 mira
724 3200 815 3264 sit
842 3219 1044 3283 quam
1074 3199 1371 3264 minium.

445 3303 833 3389 Tarquitius
875 3304 1118 3381 scalas,
1148 3303 1269 3367 &c-
1315 3298 1700 3385 appellatas
1743 3308 1893 3356 esse
1939 3288 2034 3352 ait
2073 3284 2275 3366 vulgo
2313 3276 2563 3344 existi·=

370 3409 540 3475 mari
571 3401 878 3475 Verrius.

447 3511 800 3578 Tartarino
829 3528 982 3575 cum
1001 3507 1176 3574 dixit
1207 3507 1486 3591 Ennius,
1516 3477 1845 3568 horrendo
1878 3501 1947 3559 et
1973 3488 2251 3557 terribili
2273 3483 2562 3550 Verrius

366 3617 512 3684 vult
536 3615 779 3700 accipi,
807 3629 852 3680 a
876 3613 1188 3693 Tartaro,
1226 3612 1345 3697 qui
1374 3610 1569 3674 locus
1600 3600 1781 3690 apud
1812 3598 2076 3664 inferos.

450 3718 927 3804 Tentipellium
954 3716 1262 3783 Artorius
1284 3718 1478 3800 putat
1498 3730 1652 3776 esse
1682 3704 2219 3773 calciamentum,
2248 3697 2369 3758 διο.
2437 3687 2562 3752 Ti-

365 3826 602 3892 tinium
649 3824 745 3890 ait
773 3820 1048 3887 Verrius
1093 3819 1485 3886 existimare
1531 3814 1602 3881 id
1643 3808 2205 3888 medicamentum
2234 3814 2407 3872 esse,
2432 3794 2554 3855 Sec.

366 3951 517 3996 cum
547 3927 663 3993 ille
682 3931 957 4014 τροπικῶς
986 3925 1250 3992 dixerit.

448 4029 816 4097 Tonsillam
846 4048 1000 4093 esse
1031 4026 1309 4093 Verrius
1342 4025 1438 4089 ait
1470 4019 1697 4107 palum
1728 4014 2050 4087 dolatum,
2067 4010 2190 4071 διο.

452 4132 847 4200 Tumultum
878 4130 1016 4197 dici
1044 4132 1140 4196 ait
1167 4130 1465 4206 VerriuS,
1494 4124 1610 4210 qui
1642 4124 1727 4188 ab
1757 4117 1906 4185 aliis
1937 4113 2205 4187 oriatur,
2230 4123 2442 4205 'quam
2471 4103 2557 4167 ab

373 4239 652 4318 Italicis,
687 4243 756 4303 ct
782 4235 1072 4302 Gallicis
1100 4234 1429 4311 hostibuS‚
1461 4233 1579 4294 &a
