3020 4853
574 295 670 343 ΠΒ
717 294 1132 346 vssnnossun
1180 295 1805 348 Sloulrloawtouss
1852 298 1994 349 mn.
2043 299 2155 349 XI.

2337 285 2471 352 375

369 437 527 505 dum
548 447 595 479 ¹¹
648 440 1114 521 obtinueruut3
1158 441 1268 506 vel
1318 441 1499 527 quod
1546 443 1620 508 iu
1669 462 1756 510 ea
1799 444 2028 511 multae
2072 465 2467 533 magumque

368 543 677 608 civitates
702 542 970 609 fuerunt
995 564 1084 608 ex
1113 543 1382 611 Graecia
1410 544 1752 630 profectoe.

286 641 517 728 Major
539 646 962 729 magistratus
986 646 1010 683 δ
1041 649 1278 713 consul
1308 649 1576 715 dicitur.

285 746 514 831 Major
532 768 729 815 socer
751 757 775 785 ⁶
816 751 1046 816 uxoris
1075 771 1242 818 meae
1262 771 1581 836 proavuS.

287 849 511 935 Major
538 872 772 918 socrus
803 854 1038 919 uxoris
1067 874 1236 919 meae
1267 856 1567 938 proavia.

285 949 543 1019 Minora
568 956 826 1042 itemque
845 957 1097 1042 majora
1125 956 1484 1043 auspicia,‘¹
1509 979 1661 1044 quae
1683 957 1997 1037 dicamur,
2019 955 2187 1022 docet
2219 956 2470 1042 [Ἐκεῖ.

1195 1142 1284 1165 ‘OC
1291 1143 1342 1164 θ’

345 1221 402 1271 11
440 1220 567 1273 Vet-
602 1224 690 1274 lib.
727 1227 857 1275 olim.

1348 1143 1554 1164 1000000

1264 1328 1478 1380 NOTAE

281 1418 369 1480 ait,
401 1433 511 1470 eam
539 1436 571 1470 a
594 1421 832 1472 Romanis
856 1423 928 1472 ita
951 1422 1166 1487 dictam,
1193 1424 1331 1491 quod

283 1498 485 1562 propior
506 1507 650 1549 esset
686 1501 780 1561 eis,
811 1516 964 1565 quam
990 1504 1332 1554 transmarina

281 1574 519 1638 Gracia,
556 1577 825 1627 ridiculum
846 1578 982 1629 enim
1016 1580 1088 1630 sit
1118 1578 1330 1632 duarum

280 1650 476 1702 urbium
511 1655 872 1717 cognominum
905 1656 1120 1706 alteram
1143 1673 1330 1709 vocare

278 1728 544 1792 majorem,
578 1729 712 1794 quod
732 1744 760 1778 a
778 1731 924 1781 nobis
943 1732 1153 1796 propior
1176 1734 1329 1784 absit.

279 1803 528 1856 Peccavit
568 1804 729 1871 igitur
763 1808 1013 1874 Scaliger,
1047 1817 1103 1861 et
1142 1812 1327 1862 iterum

278 1883 447 1949 etiam,
478 1898 598 1938 cum
622 1884 696 1934 ait
722 1901 753 1933 a
777 1886 1016 1936 Romanis
1039 1887 1114 1938 ita
1134 1888 1328 1941 dictam

279 1955 445 2008 fuisse.
523 1960 664 2010 Nam
699 1969 896 2011 certum
935 1970 1018 2013 est
1056 1979 1088 2013 a
1126 1964 1328 2016 Graecis

279 2031 396 2097 ipsis
415 2049 603 2086 nomen
637 2036 877 2102 inditum,
912 2038 1142 2107 adeoque
1165 2041 1229 2092 ab
1252 2043 1329 2108 ip-

278 2111 344 2161 sis
376 2113 628 2179 majorem
668 2115 932 2166 Graeciam
971 2126 1228 2182 vocatam,
1273 2129 1330 2171 ut

277 2188 432 2252 ipsius
455 2193 553 2242 soli
577 2193 936 2258 prestantium
961 2195 1327 2257 significarent.

281 2263 564 2334 Utrumque
608 2269 789 2334 probat
826 2269 961 2321 Pliu.
985 2285 1100 2320 cum
1123 2272 1327 2323 Italiam

278 2340 540 2396 dilaudans
564 2348 638 2396 ita
659 2346 871 2397 scribit:
907 2350 922 2376 ‘
943 2347 1053 2412 Ipsi
1074 2347 1142 2398 de
1164 2364 1225 2398 ea
1240 2351 1332 2413 ju·

279 2418 509 2474 dicavere
553 2424 751 2489 Graeei,
800 2439 961 2489 genus
1009 2425 1062 2476 in
1112 2426 1327 2490 gloriam

280 2512 412 2550 suam
446 2498 825 2557 effusissimum,
876 2509 1083 2566 quotam
1126 2512 1326 2566 partem

279 2587 339 2699 ῗ
357 2590 420 2627 ea
435 2577 752 2643 appellando
774 2593 1009 2642 maguam
1028 2578 1327 2632 Graeciam:

331 2668 399 2702 sc.

336 2726 359 2762 ὓ
387 2728 547 2792 Major
566 2732 904 2798 magistr-atu]
941 2732 1114 2785 Graeci
1138 2742 1327 2786 vocant

281 2801 465 2871 ὕπατον,
496 2810 647 2875 quasi
679 2809 823 2859 dicas
858 2824 1127 2861 summum.
1195 2811 1326 2863 Nul-

278 2881 375 2931 lum
390 2885 526 2935 enim
539 2886 695 2939 altius
712 2885 992 2951 Imperium
1013 2886 1190 2937 Roma».
1207 2886 1324 2940 fuit.

280 2958 429 3012 Ouid.
452 2963 539 3014 lib.
564 2977 644 3015 nr.
667 2964 735 3014 de
759 2965 951 3022 Ponto,
986 2965 1074 3016 El.
1092 2968 1142 3015 Β.
1177 2970 1193 2994 ·
1213 2966 1324 3016 nul·

280 3035 373 3087 lum
409 3040 601 3092 Martia
635 3056 834 3092 summo
855 3042 1029 3093 Altius
1050 3044 1324 3109 imperium

279 3118 474 3188 consule
497 3119 664 3170 Roma
684 3118 862 3170 videt.’
897 3118 1047 3173 Idem.

337 3199 358 3225 0
392 3193 551 3255 Mqinr
569 3196 725 3260 wear]
763 3195 898 3247 Vide
931 3205 947 3228 ‘
966 3197 1215 3261 majorem
1240 3213 1323 3249 so·

281 3268 451 3319 erun-‚⁹
479 3271 603 3322 Dae.

338 3342 360 3377 ⁴¹
378 3346 566 3410 Μῄονα
577 3350 814 3416 auspiciu]
839 3350 918 3401 Ex
937 3350 1069 3401 libro
1084 3351 1163 3401 M.
1183 3350 1323 3401 Mes·

282 3422 392 3473 sale
404 3424 629 3491 Auguris
648 3426 714 3477 de
733 3429 975 3492 auspiciis
995 3429 1161 3492 primo
1185 3429 1322 3494 apud

280 3498 492 3554 Gellium
517 3506 604 3554 lib.
630 3518 758 3557 xm.
781 3521 899 3571 cap.
925 3510 1002 3557 14.
1033 3507 1145 3557 lioec
1178 3507 1321 3560 Festi

279 3582 430 3634 verba
450 3584 727 3650 intelliges.
782 3587 1127 3638 Patriciorum
1152 3589 1321 3652 auspi·

279 3658 354 3707 cia
383 3659 434 3709 in
475 3662 601 3712 duas
633 3670 754 3714 aunt
791 3670 1077 3727 potestates
1113 3662 1317 3715 divisa:

282 3735 492 3787 maxima
518 3745 638 3789 sunt
674 3739 973 3802 Consulum,
1007 3739 1322 3805 Pretorium,

283 3810 578 3877 Ceusomnu
604 3815 912 3880 reliquorum
930 3817 1323 3880 magistratuum

282 3888 471 3942 minora
491 3897 610 3942 sunt
626 3893 889 3956 auspicia:
923 3892 1042 3943 ideo
1064 3893 1138 3944 illi
1162 3895 1324 3944 miuo-

283 3978 379 4026 res,
397 3968 444 4016 lii
467 3969 679 4034 majores
705 3970 1035 4034 magistratus
1058 3972 1323 4037 appellan-

1412 1425 1665 1478 aliorum.'
1696 1425 1815 1475 Ant.
1838 1423 1968 1487 Aug.

1476 1505 1669 1566 Μῄονα
1688 1502 1920 1567 auspicia]
1961 1501 2057 1552 His
2091 1500 2164 1551 ita
2196 1499 2468 1551 restituen-

1410 1579 1491 1630 dis
1514 1580 1634 1630 mihi
1659 1581 1791 1629 viam
1810 1578 2055 1629 fecerunt
2086 1592 2201 1644 que
2230 1592 2298 1627 ex
2333 1578 2468 1627 libro

1415 1658 1654 1707 Messala!
1680 1656 1904 1721 Auguris
1926 1655 1992 1706 de
2018 1654 2260 1720 auspiciis
2301 1655 2468 1720 primo

1412 1734 1550 1800 apud
1574 1734 1802 1785 Gellium
1827 1734 2067 1797 leguntur
2089 1732 2179 1783 lib.
2204 1745 2334 1783 xm.
2352 1746 2471 1797 cap.

1416 1815 1494 1861 14.
1545 1813 1560 1839 ‘
1585 1812 1929 1862 Patriciorum
1971 1810 2203 1875 auspicia
2244 1809 2298 1860 in
2339 1807 2473 1860 duas

1411 1894 1529 1939 sunt
1565 1895 1851 1952 potestates
1881 1886 2078 1937 divisa:
2113 1885 2333 1937 maxima
2348 1891 2473 1936 suut

1413 1965 1711 2021 Consulum,
1779 1964 2086 2027 Proetorum‚
2150 1963 2466 2024 Censorum;

1411 2041 1724 2106 reliquorum
1792 2041 2185 2104 magistratuum
2263 2038 2469 2089 minora

1410 2125 1531 2169 sunt
1553 2117 1802 2182 auspicia.
1869 2115 1999 2166 Ideo
2034 2116 2107 2166 illi
2148 2116 2386 2181 majores,
2413 2113 2469 2164 ht

1409 2195 1635 2245 minores
1692 2193 2037 2258 Magistratus
2101 2188 2470 2257 appellantur!

1412 2273 1482 2323 Et
1520 2280 1716 2337 postea,
1750 2286 1834 2322 me
1873 2284 1973 2321 non
1997 2285 2181 2320 vanum
2204 2270 2471 2334 conjecto·

1409 2363 1517 2398 rem
1542 2348 1703 2398 fuisse
1725 2347 1897 2411 reperi
1923 2361 1988 2396 ex
2010 2344 2232 2407 schedis,
2252 2343 2343 2395 ubi
2362 2358 2469 2395 om·

1408 2426 1495 2476 nia
1518 2424 1584 2476 ad
1603 2425 1832 2476 verbum.
1875 2423 2080 2488 Major-a
2103 2429 2274 2473 autem
2298 2421 2468 2487 auspi·

1408 2505 1490 2555 cia
1529 2503 1719 2554 habere
1755 2502 2018 2564 dicuntur,
2052 2500 2221 2565 inquit
2246 2500 2470 2561 Gellius,

1407 2583 1530 2647 quia
1549 2595 1724 2632 eorum
1749 2576 1985 2644 auspicia
2005 2576 2171 2642 magis
2197 2582 2311 2626 rata
2346 2581 2472 2626 sunt

1407 2674 1562 2725 quam
1584 2659 1817 2709 aliorum.
1881 2657 1952 2707 Et
1982 2655 2105 2706 inde
2136 2655 2301 2704 lucem
2323 2655 2468 2717 capit

1407 2737 1531 2788 iilud
1557 2736 1737 2800 virgil.
1761 2749 1849 2786 ιιι.
1878 2731 2082 2783 AEneid.
2119 2731 2135 2760 ‘
2158 2731 2301 2782 Nate
2333 2731 2468 2793 Dea,

1404 2830 1525 2867 nam
1562 2822 1616 2865 te
1649 2811 1928 2878 majoribus
1962 2811 2037 2861 ire
2059 2823 2154 2875 per
2175 2810 2337 2860 altum
2358 2809 2467 2859 Au·

1406 2891 1584 2957 spiciis
1606 2889 1879 2943 manifesta
1899 2885 2066 2938 fides!
2120 2886 2237 2937 Etsi
2257 2885 2467 2937 Servius

1405 2968 1675 3034 Maioribus
1743 2968 2120 3031 interpretatur
2172 2962 2467 3022 coelestibuu

1403 3060 1465 3096 eo
1489 3045 1627 3113 quod
1662 3043 1965 3109 auspicium,
1994 3041 2130 3109 quod
2150 3040 2217 3090 de
2237 3041 2369 3091 coelo
2388 3055 2485 3090 es·-

1402 3131 1501 3185 set,
1519 3123 1675 3174 verbo
1693 3121 1959 3185 Augurum
1980 3118 2192 3186 proprio
2209 3118 2469 3169 maim

1404 3198 1692 3251 dicebatur.
1778 3198 1881 3249 Sed
1929 3211 2042 3247 mea
2100 3194 2465 3260 interpretatio

1403 3278 1527 3328 mihi
1548 3275 1752 3327 videtur
1773 3275 1963 3340 purior.
2030 3275 2102 3324 Et
2125 3273 2224 3323 linc
2252 3286 2467 3337 respex-

1404 3354 1507 3404 isse
1552 3354 1760 3404 videtur
1793 3350 2061 3413 Horatius,
2093 3365 2209 3400 cum
2255 3347 2468 3411 cecinit,

1405 3431 1509 3481 od.
1533 3436 1583 3481 6.
1607 3430 1696 3481 lib.
1719 3444 1794 3480 ιν.
1825 3429 1841 3457 ‘
1867 3428 1936 3478 Ni
1971 3427 2074 3478 tuis
2102 3426 2269 3476 victus
2292 3425 2466 3475 Vene-

1404 3508 1579 3574 risque
1612 3512 1777 3571 gratae
1815 3502 2046 3555 Vocibus
2082 3503 2274 3554 Divum
2313 3508 2468 3565 pater

1402 3584 1670 3634 annuisset
1701 3583 1877 3633 Rebus
1899 3580 2077 3630 AEneae
2100 3577 2299 3642 potiore
2336 3578 2465 3627 duc·

1404 3668 1485 3712 tos
1529 3660 1674 3712 Alite
1710 3657 1915 3710 muros.'
2019 3654 2171 3708 Quod
2210 3653 2465 3719 Virgilius

1404 3738 1611 3789 dixerat
1659 3734 1978 3801 ‘majoribus
2022 3731 2305 3798 auspiciis‚'
2351 3733 2463 3798 ipse

1404 3818 1539 3866 dixit
1568 3817 1584 3844 ‘
1605 3815 1806 3882 potiore
1843 3811 2004 3864 alite?
2072 3811 2259 3875 Neque
2293 3811 2469 3876 Virgi-

1404 3895 1528 3945 lium
1553 3894 1735 3943 melius
1759 3905 1907 3958 quam
1947 3903 2043 3956 per
2080 3887 2371 3946 Horatium,
2403 3894 2466 3940 ut

1403 3979 1585 4023 contra
1637 3970 1912 4021 Horatium
1962 3966 2146 4021 vmelius
2200 3979 2463 4031 nunquam

282 4046 377 4092 tur.
439 4046 454 4072 ⁸
473 4045 674 4109 Majora
697 4054 867 4096 autem
889 4047 1132 4099 dicuntur
1152 4051 1321 4114 auspi·
1396 4064 1551 4116 qnam
1576 4063 1671 4114 per
1695 4047 1991 4113 Virgilium,
2015 4042 2175 4110 possis
2199 4041 2461 4108 interpre-

286 4117 364 4167 οἱα
380 4120 596 4185 habere}
628 4124 797 4190 iuquit
819 4124 1038 4189 Gellius,
1057 4125 1073 4154 ‘
1090 4126 1210 4191 quia
1231 4142 1317 4177 eo·
1399 4127 1520 4178 tari.
1560 4127 1687 4178 Dae.

283 4204 386 4247 rum
408 4197 627 4263 auspicia
655 4199 814 4263 magis
846 4209 957 4253 rata
991 4209 1126 4261 sunt.
1163 4218 1316 4269 quam
