3020 4853
527 406 622 455 ΒΕ
671 400 1082 455 VERBORUM
1132 400 1754 457 StGNtch‘rtoNss
1803 408 1947 456 Lm.
1994 408 2159 457 xvl.

2321 392 2452 460 763

347 552 667 634 promisit,
711 551 1185 636 spoponditve,
1219 570 1300 616 ac
1355 551 1588 616 debet:
1637 571 1718 616 ac
1751 551 1994 616 Gallus
2025 551 2250 617 AElius
2280 552 2451 619 libro

351 653 650 718 secundo
683 654 1233 735 significationum
1262 655 1636 732 verborum,
1669 674 1822 740 quae
1853 654 1938 719 ad
1957 655 2077 739 jus
2108 657 2454 738 pertinent,

352 754 480 819 ait:
528 754 719 820 Reus
746 763 871 833 est,
903 757 1021 841 qui
1049 776 1222 822 cum·
1241 757 1453 822 altero
1484 757 1668 821 litem
1697 762 2135 822 contestatam
2156 766 2197 792 ¹¹²
2227 758 2449 837 habet,

351 857 497 922 sive
527 859 588 921 is
618 859 773 941 egit,
803 860 947 924 sive
977 879 1126 925 cum
1158 878 1240 923 eo
1269 863 1485 923 actum
1518 866 1642 924 cst.

1735 858 1919 924 Reus
1943 859 2325 941 stipulando
2352 866 2454 924 est

349 960 530 1025 idem
562 962 678 1045 qui
698 964 1051 1045 stipulator
1074 963 1348 1027 dicitur=
1391 962 1647 1047 quippe
1676 981 1803 1026 suo
1832 963 2097 1026 nomine
2125 961 2212 1026 ab
2240 962 2452 1028 altero

344 1061 897 1150 (qui-stipulatus
925 1065 1106 1144 est,¹⁸
1152 1085 1283 1130 non
1315 1067 1377 1131 is
1410 1066 1526 1150 qui
1571 1064 1764 1129 alteri
1817 1063 2269 1148 adstipulatus
2297 1070 2450 1144 est.)

352 1166 548 1231 Reus
603 1167 1045 1249 promittendo
1093 1174 1225 1246 est,
1256 1170 1374 1252 qui
1405 1188 1531 1233 suo
1576 1168 1839 1234 nomine
1888 1168 2080 1232 alteri
2108 1169 2268 1253 quid
2295 1186 2453 1252 pro-

346 1269 552 1350 misit,
577 1270 782 1352 quivc
810 1276 863 1319 ¹⁹
902 1289 1022 1353 pro
1056 1270 1266 1335 altero
1296 1272 1457 1355 quid
1488 1272 1831 1355 promisit:
1883 1279 1956 1336 at
1985 1269 2235 1354 Capito
2262 1269 2453 1334 Atei-

347 1378 504 1435 us²0
551 1372 619 1435 in
655 1372 882 1436 eadem
915 1372 1179 1457 quidem
1209 1373 1525 1456 opinione
1556 1381 1703 1454 est3
1750 1374 1871 1438 sed
1912 1372 2219 1457 exemplo
2258 1372 2453 1456 adju·
2510 1382 2515 1385 “

345 1481 508 1539 vat⁰
539 1475 1176 1557 interpretationem.
1225 1473 1454 1540 Numa
1477 1479 1542 1540 in
1576 1477 1870 1541 secunda
1898 1476 2129 1541 tabula
2158 1475 2455 1541 secunda

347 1575 519 1659 lege,
569 1576 636 1639 in
690 1595 828 1660 qua
867 1577 1188 1661 scriptum
1238 1587 1381 1642 est:
1430 1577 1638 1656 Qum
1688 1596 1957 1644 Hortum
2011 1595 2185 1644 Fun*
2230 1596 2452 1645 UNUM

349 1695 612 1744 sumet
650 1696 1088 1743 ARBITROVE
1137 1696 1411 1759 Rssovss,
1446 1699 1537 1745 130
1598 1698 1726 1745 mn
1782 1698 2201 1748 mrum-1808
2253 1698 2455 1747 asro.

348 1802 530 1848 nunc
582 1789 854 1867 uterque
903 1790 1118 1861 actor,
1145 1803 1433 1867 reusque
1462 1793 1482 1822 ¹
1526 1785 1594 1849 in
1629 1785 1887 1869 judicio
1917 1805 2022 1850 me
2055 1792 2081 1821 ²
2137 1792 2453 1851 vocatur:

347 1887 649 1971 itemque
678 1894 1030 1951 accusator
1053 1886 1134 1951 de
1173 1886 1266 1965 vi,
1298 1888 1557 1953 accitur
1584 1907 1766 1954 more
1798 1896 2034 1968 vetere,
2065 1896 2137 1954 et
2169 1908 2456 1954 consue-

270 2013 276 2021 ·
350 1988 582 2053 tudine
611 1991 901 2074 antiqua.

265 2090 457 2157 Reus
504 2111 651 2157 cum
683 2101 847 2177 pro⁰
878 2103 1138 2179 utroque
1175 2103 1475 2177 ponatur,
1514 2104 1586 2158 ut
1631 2094 1721 2158 ait
1758 2093 2026 2161 Sinnius
2054 2095 2125 2159 in
2158 2115 2240 2160 eo
2272 2113 2455 2178 quem

350 2192 426 2258 de
454 2214 556 2258 reo
583 2194 884 2276 inscribit,
917 2206 989 2260 ut
1019 2218 1155 2261 cum
1184 2197 1347 2263 dicit
1374 2218 1495 2281 pro
1534 2218 1634 2277 se,
1681 2209 1795 2263 aut
1840 2209 2054 2264 contra
2084 2208 2141 2262 te
2169 2197 2460 2283 ogit,ju-

351 2307 641 2362 ramento
664 2307 785 2364 tuo
815 2301 910 2365 uti
932 2309 1157 2385 potest.

1185 2486 1547 2512 ouoeeeeoeoo

336 2605 400 2651 18
437 2603 708 2666 Lageam,
725 2601 889 2667 iuquit
913 2603 1041 2653 Dae.
1064 2604 1249 2669 Quippe
1267 2621 1349 2655 uo
1363 2607 1550 2657 marine
1568 2607 1628 2656 ab
1649 2607 1796 2658 altero
1817 2604 1930 2669 quid
1946 2620 1971 2654 ε
2001 2605 2012 2616 ’

2213 2608 2301 2651 eet.
2337 2601 2459 2650 Vet-

267 2668 380 2716 cod.
412 2668 579 2730 quibus
602 2670 849 2732 populatus
885 2683 978 2732 pro
1013 2674 1094 2732 qut
1129 2671 1530 2735 stipulatae-19
1564 2672 1643 2721 ld.
1677 2672 1900 2736 qua-20
1947 2670 2031 2720 Id.
2065 2671 2337 2723 noctu-l
2378 2665 2462 2716 Id.

267 2738 480 2783 actorum
506 2733 723 2795 νόῳ-2
755 2733 878 2784 Vct.
903 2734 995 2784 lib.
1019 2750 1144 2787 reue.
1209 2737 1341 2787 Vide
1367 2738 1492 2789 Not.

1262 2899 1309 2949 N
1317 2896 1475 2950 01*AE

234 3069 250 3078 ‚
330 3019 368 3045 ¹¹
404 3012 534 3062 Reus
564 3017 650 3069 est,
673 3014 756 3076 qui
797 3026 901 3063 cum
932 3014 1079 3063 altero
1118 3015 1153 3064 1.
1198 3016 1326 3080 eom]

270 3089 389 3140 Hoc
423 3097 506 3139 est
529 3090 692 3139 omnia
717 3090 947 3153 litigator
971 3090 1156 3141 Cicero
1179 3106 1239 3144 ιι.
1263 3092 1329 3142 de

272 3166 478 3217 Orator.
514 3168 529 3195 ‘
552 3166 692 3216 Reos
710 3168 938 3232 appello,
955 3183 1053 3218 nou
1070 3183 1159 3218 eos
1174 3169 1330 3221 modo

272 3245 358 3307 qui
380 3252 681 3308 arguuntur,
705 3245 797 3293 sed
830 3259 1004 3295 omnes
1025 3260 1239 3311 quornm
1264 3246 1330 3297 de

273 3334 328 3370 re
346 3322 688 3386 disceptatur.
746 3321 835 3372 Sic
857 3323 993 3372 euim
1017 3323 1139 3372 olim
1162 3323 1331 3390 loque·

275 3397 497 3449 bantur!
534 3400 682 3449 Idem.

333 3482 356 3507 ¹¹
391 3475 485 3525 Sed
509 3476 716 3539 exemplo
737 3474 953 3539 adiuvat]
999 3476 1095 3525 Sed
1117 3481 1328 3542 exemplo

273 3552 458 3612 adiurat
493 3553 928 3615 interpretationem
962 3551 1123 3603 Numa
1165 3556 1217 3604 ia
1258 3570 1329 3605 ne·

274 3629 422 3677 cunda
444 3630 618 3688 tabula,
639 3631 841 3678 seeundo
858 3631 1044 3690 lege‚iu
1067 3647 1159 3694 qua
1179 3634 1330 3696 scrip·
1410 3665 1425 3682 .
1492 3662 1508 3678 .

275 3708 401 3754 tm.-
435 3719 535 3754 εει.
556 3719 711 3758 Qum.
741 3719 967 3756 nonum.
987 3719 1148 3758 run.
1167 3722 1328 3759 numu

278 3783 508 3834 sontem.
550 3793 897 3832 ,tant-raom.
955 3795 1157 3832 nuova.
1205 3797 1328 3833 mas

276 3868 589 3908 mnvusus.
616 3872 761 3908 Erro.
807 3860 948 3908 Nunc
967 3864 1161 3923 aterque
1180 3864 1331 3925 actor,

278 3947 466 3998 reusque
498 3937 548 3984 in
568 3935 807 3996 judicium
838 3941 1058 3986 evocatur
1071 3952 1088 3985 .·
1129 3936 1331 4001 iteraqtoe

280 4018 519 4061 aemmor-
533 4015 590 4061 de
607 4013 685 4061 via
701 4013 826 4060 citur
841 4029 968 4063 more
983 4018 1139 4063 cetere
1160 4020 1207 4063 et
1220 4029 1331 4063 con·

280 4089 520 4139 uetudine
538 4089 749 4152 antiquo.
770 4089 1032 4140 suase-1.
1066 4090 1237 4140 Verba
1261 4090 1330 4140 le·

283 4162 360 4225 gis
380 4166 396 4192 ⁸
415 4165 457 4214 si
479 4165 602 4231 quid
635 4164 840 4214 horum'
876 4165 941 4215 ad
976 4169 1331 4230 exceptioueo,

1408 3029 1502 3064 nus
1527 3012 1939 3077 familiare,’&c.
2007 3008 2060 3061 Si
2080 3009 2255 3062 Judex
2287 3010 2368 3061 vel
2391 3011 2463 3060 al·

1410 3100 1609 3142 temtor
1621 3107 1686 3142 ex
1707 3089 2055 3154 litigatoribus
2068 3087 2246 3138 morbo
2264 3088 2464 3138 sontico

1410 3170 1806 3234 impediebatur,
1828 3169 1913 3218 lex
1927 3167 2152 3231 jubebat
2176 3165 2308 3215 diem
2325 3166 2464 3229 judi-

1411 3248 1481 3298 cii
1506 3262 1617 3297 esse
1654 3245 1895 3308 diffisum,
1918 3245 2016 3296 hoc
2050 3251 2149 3301 est,
2184 3245 2464 3308 prolatum,

1411 3331 1468 3373 et
1487 3325 1541 3372 in
1566 3324 1700 3373 diem
1726 3326 1944 3373 alterum
1969 3323 2238 3386 rejectum.
2274 3322 2399 3370 Duc.

1473 3407 1498 3432 ⁰
1524 3401 1654 3450 Reus
1666 3416 1771 3450 cum
1783 3398 1894 3463 pro]
1914 3398 2158 3448 Rea-scum
2173 3400 2464 3459 proult-oque

1409 3478 1655 3539 litigatore
1682 3479 1811 3540 poni,
1844 3482 1896 3525 ue
1918 3476 1970 3524 ia
1988 3491 2059 3536 eo,
2078 3473 2163 3537 qui
2192 3473 2243 3520 in
2262 3473 2466 3536 aliquem

1409 3556 1515 3618 agit
1532 3573 1548 3603 .·
1584 3560 1682 3602 tum
1698 3569 1786 3616 pro
1803 3563 1856 3601 e'o
1878 3552 1961 3614 qui
1978 3551 2093 3600 dicit
2114 3565 2201 3614 pro
2220 3565 2288 3612 ee,
2304 3556 2467 3600 auctor

1576 3664 1589 3678 .
1657 3629 1854 3693 reliqua
1882 3642 1979 3676 non
2001 3627 2147 3690 potui
2173 3627 2428 3690 expiscari
2450 3643 2463 3675 ι

1411 3715 1468 3756 et
1501 3718 1656 3768 supra
1678 3704 1787 3766 jam
1822 3702 2032 3752 dixerat
2058 3704 2217 3752 Reum
2243 3710 2348 3752 tam
2372 3717 2467 3766 pro

1411 3798 1491 3838 eo,
1525 3781 1609 3845 qui
1645 3780 1909 3835 convenit,
1944 3794 2093 3842 qnam
2129 3793 2224 3842 pro
2257 3793 2339 3839 eo,
2376 3779 2467 3844 qdi

1409 3856 1735 3919 convenitur,
1768 3870 1798 3904 a
1830 3854 2109 3904 Veteribus
2148 3861 2469 3919 usurpatum.

1410 3935 1519 3984 Joae.
1544 3932 1671 3981 θεαὶ.

1478 4009 1610 4058 Reus
1637 4023 1742 4056 eum
1759 4022 1844 4070 pro
1866 4006 2083 4070 utroque]
2135 4006 2223 4057 Ita
2244 4008 2469 4060 schedae.

1412 4086 1518 4137 Sed
1540 4087 1599 4136 iia
1623 4093 1750 4149 puto
1771 4085 2027 4149 quoddam
2060 4084 2357 4141 desiderari,
2378 4101 2469 4137 ne·

1413 4177 1515 4231 qne
1576 4163 1697 4212 mihi
1761 4176 1939 4211 sensns
1995 4162 2197 4212 videtur
2249 4164 2466 4228 integer.

283 4252 394 4300 quae
429 4256 515 4292 reo
548 4241 628 4291 vel
653 4240 823 4305 judici
862 4241 1136 4306 dabantur,
1172 4243 1330 4307 perti·
1407 4240 1673 4305 Scriptum
1698 4238 1870 4289 forsan
1904 4236 2096 4303 fuerat,
2121 4239 2251 4289 Reus
2280 4255 2322 4289 c.
2342 4255 2392 4303 p.
2414 4255 2467 4291 ιι.

285 4324 425 4383 nent,
456 4331 514 4370 ut
544 4325 621 4370 est
641 4321 657 4350 ⁸
682 4318 890 4370 morbus
921 4320 1184 4388 ocutiones
1219 4323 1233 4351 ‘
1252 4319 1332 4370 fu·

1430 4332 1478 4369 o.
1498 4321 1626 4368 recte
1656 4317 1728 4366 ait
1758 4314 1960 4366 Sinniu
1989 4317 2043 4366 in
2074 4331 2128 4367 eo
2157 4328 2291 4381 quent
2311 4318 2372 4367 de
2389 4331 2468 4368 reo
