<?xml version="1.0" encoding="UTF-8"?>
<!DOCTYPE html PUBLIC "-//W3C//DTD XHTML 1.0 Transitional//EN"
    "http://www.w3.org/TR/xhtml1/DTD/xhtml1-transitional.dtd">
<html xmlns="http://www.w3.org/1999/xhtml" xml:lang="en" lang="en">
 <head>
  <title>
</title>
<meta http-equiv="Content-Type" content="text/html;charset=utf-8" />
  <meta name='ocr-system' content='tesseract 3.04.00' />
  <meta name='ocr-capabilities' content='ocr_page ocr_carea ocr_par ocr_line ocrx_word'/>
</head>
<body>
  <div class='ocr_page' id='page_1' title='image "./mverriiflacciqu03flacgoog_0177.png"; bbox 0 0 3020 4853; ppageno 0'>
   <div class='ocr_carea' id='block_1_1' title="bbox 580 384 2146 448">
    <p class='ocr_par' dir='ltr' id='par_1_1' title="bbox 580 384 2146 448">
     <span class='ocr_line' id='line_1_1' title="bbox 580 384 2146 448; baseline -0.01 -1"><span class='ocrx_word' id='word_1_1' title='bbox 580 398 675 448; x_wconf 78' lang='lat' dir='ltr'><strong>DB</strong></span> <span class='ocrx_word' id='word_1_2' title='bbox 722 393 1132 445; x_wconf 71' lang='lat' dir='ltr'><strong>vssnnonms</strong></span> <span class='ocrx_word' id='word_1_3' title='bbox 1181 386 1799 441; x_wconf 70' lang='lat' dir='ltr'><strong>slenlrtcATIONE</strong></span> <span class='ocrx_word' id='word_1_4' title='bbox 1851 385 1989 436; x_wconf 77' lang='lat' dir='ltr'><strong>ms.</strong></span> <span class='ocrx_word' id='word_1_5' title='bbox 2035 384 2146 433; x_wconf 87' lang='lat'><strong>111.</strong></span> 
     </span>
    </p>
   </div>
   <div class='ocr_carea' id='block_1_2' title="bbox 2319 368 2447 435">
    <p class='ocr_par' dir='ltr' id='par_1_2' title="bbox 2319 368 2447 435">
     <span class='ocr_line' id='line_1_2' title="bbox 2319 368 2447 435; baseline 0.016 -2"><span class='ocrx_word' id='word_1_6' title='bbox 2319 368 2447 435; x_wconf 79' lang='lat'><strong>1⁷1</strong></span> 
     </span>
    </p>
   </div>
   <div class='ocr_carea' id='block_1_3' title="bbox 356 527 2446 626">
    <p class='ocr_par' dir='ltr' id='par_1_3' title="bbox 356 527 2446 626">
     <span class='ocr_line' id='line_1_3' title="bbox 356 527 2446 626; baseline -0.009 -14"><span class='ocrx_word' id='word_1_7' title='bbox 356 546 515 612; x_wconf 86' lang='lat' dir='ltr'><strong>Fuit</strong></span> <span class='ocrx_word' id='word_1_8' title='bbox 541 544 713 610; x_wconf 89' lang='lat' dir='ltr'><strong>enim</strong></span> <span class='ocrx_word' id='word_1_9' title='bbox 741 541 917 626; x_wconf 88' lang='lat' dir='ltr'><strong>apud</strong></span> <span class='ocrx_word' id='word_1_10' title='bbox 947 538 1260 605; x_wconf 82' lang='lat' dir='ltr'><strong>Rhodum</strong></span> <span class='ocrx_word' id='word_1_11' title='bbox 1288 536 1568 603; x_wconf 88' lang='lat' dir='ltr'><strong>insulam</strong></span> <span class='ocrx_word' id='word_1_12' title='bbox 1601 541 1827 601; x_wconf 85' lang='lat' dir='ltr'><strong>statua</strong></span> <span class='ocrx_word' id='word_1_13' title='bbox 1857 533 2018 599; x_wconf 86' lang='lat' dir='ltr'><strong>solis</strong></span> <span class='ocrx_word' id='word_1_14' title='bbox 2063 530 2198 596; x_wconf 81' lang='lat' dir='ltr'><strong>alta</strong></span> <span class='ocrx_word' id='word_1_15' title='bbox 2242 527 2446 615; x_wconf 83' lang='lat' dir='ltr'><strong>pedes</strong></span> 
     </span>
    </p>
   </div>
   <div class='ocr_carea' id='block_1_4' title="bbox 354 646 1043 729">
    <p class='ocr_par' dir='ltr' id='par_1_4' title="bbox 354 646 1043 729">
     <span class='ocr_line' id='line_1_4' title="bbox 354 646 1043 729; baseline -0.015 -14"><span class='ocrx_word' id='word_1_16' title='bbox 354 654 610 714; x_wconf 82' lang='lat' dir='ltr'><strong>centum</strong></span> <span class='ocrx_word' id='word_1_17' title='bbox 640 653 709 710; x_wconf 89' lang='lat' dir='ltr'><strong>et</strong></span> <span class='ocrx_word' id='word_1_18' title='bbox 736 646 1043 729; x_wconf 86' lang='lat' dir='ltr'><strong>quinque.</strong></span> 
     </span>
    </p>
   </div>
   <div class='ocr_carea' id='block_1_5' title="bbox 270 740 2451 1458">
    <p class='ocr_par' dir='ltr' id='par_1_5' title="bbox 270 740 1848 831">
     <span class='ocr_line' id='line_1_5' title="bbox 270 740 1848 831; baseline -0.009 -12"><span class='ocrx_word' id='word_1_19' title='bbox 270 751 609 818; x_wconf 80' lang='lat' dir='ltr'><strong>Columnae</strong></span> <span class='ocrx_word' id='word_1_20' title='bbox 628 756 649 785; x_wconf 85' lang='lat'>⁸</span> <span class='ocrx_word' id='word_1_21' title='bbox 678 748 907 827; x_wconf 73' lang='lat' dir='ltr'><strong>dictae,</strong></span> <span class='ocrx_word' id='word_1_22' title='bbox 937 746 1128 831; x_wconf 89' lang='lat' dir='ltr'><strong>quod</strong></span> <span class='ocrx_word' id='word_1_23' title='bbox 1160 744 1419 812; x_wconf 87' lang='lat' dir='ltr'><strong>culmin</strong></span> <span class='ocrx_word' id='word_1_24' title='bbox 1460 740 1848 808; x_wconf 73' lang='lat' dir='ltr'><strong>sustioeant.</strong></span> 
     </span>
    </p>

    <p class='ocr_par' dir='ltr' id='par_1_6' title="bbox 270 843 1741 922">
     <span class='ocr_line' id='line_1_6' title="bbox 270 843 1741 922; baseline -0.012 1"><span class='ocrx_word' id='word_1_25' title='bbox 270 854 597 922; x_wconf 76' lang='lat' dir='ltr'><strong>colurnat</strong></span> <span class='ocrx_word' id='word_1_26' title='bbox 622 851 890 918; x_wconf 84' lang='lat' dir='ltr'><strong>hastilia</strong></span> <span class='ocrx_word' id='word_1_27' title='bbox 914 869 1007 916; x_wconf 88' lang='lat' dir='ltr'><strong>ex</strong></span> <span class='ocrx_word' id='word_1_28' title='bbox 1035 867 1241 916; x_wconf 92' lang='lat' dir='ltr'><strong>corno</strong></span> <span class='ocrx_word' id='word_1_29' title='bbox 1272 847 1508 916; x_wconf 84' lang='lat' dir='ltr'><strong>arbore</strong></span> <span class='ocrx_word' id='word_1_30' title='bbox 1538 843 1741 909; x_wconf 78' lang='lat' dir='ltr'><strong>faeta.</strong></span> 
     </span>
    </p>

    <p class='ocr_par' dir='ltr' id='par_1_7' title="bbox 271 940 2449 1143">
     <span class='ocr_line' id='line_1_7' title="bbox 271 940 2449 1032; baseline -0.01 -6"><span class='ocrx_word' id='word_1_31' title='bbox 271 958 636 1026; x_wconf 87' lang='lat' dir='ltr'><strong>Comedum</strong></span> <span class='ocrx_word' id='word_1_32' title='bbox 681 957 860 1022; x_wconf 86' lang='lat' dir='ltr'><strong>bona</strong></span> <span class='ocrx_word' id='word_1_33' title='bbox 905 974 1031 1021; x_wconf 88' lang='lat' dir='ltr'><strong>sua</strong></span> <span class='ocrx_word' id='word_1_34' title='bbox 1080 956 1581 1029; x_wconf 76' lang='lat' dir='ltr'><strong>consumentem</strong></span> <span class='ocrx_word' id='word_1_35' title='bbox 1612 945 1874 1032; x_wconf 77' lang='lat' dir='ltr'><strong>antiqui</strong></span> <span class='ocrx_word' id='word_1_36' title='bbox 1904 944 2231 1010; x_wconf 81' lang='lat' dir='ltr'><strong>dixerunt.</strong></span> <span class='ocrx_word' id='word_1_37' title='bbox 2317 940 2449 1006; x_wconf 89' lang='lat' dir='ltr'><strong>Co·</strong></span> 
     </span>
     <span class='ocr_line' id='line_1_8' title="bbox 350 1047 2420 1143; baseline -0.01 -14"><span class='ocrx_word' id='word_1_38' title='bbox 350 1063 548 1130; x_wconf 89' lang='lat' dir='ltr'><strong>medo</strong></span> <span class='ocrx_word' id='word_1_39' title='bbox 577 1060 984 1138; x_wconf 84' lang='lat' dir='ltr'><strong>comedonis,</strong></span> <span class='ocrx_word' id='word_1_40' title='bbox 1012 1057 1154 1143; x_wconf 88' lang='lat' dir='ltr'><strong>qui,</strong></span> <span class='ocrx_word' id='word_1_41' title='bbox 1180 1062 1260 1121; x_wconf 94' lang='lat' dir='ltr'><strong>ut</strong></span> <span class='ocrx_word' id='word_1_42' title='bbox 1289 1073 1514 1140; x_wconf 80' lang='lat' dir='ltr'><strong>snpra,</strong></span> <span class='ocrx_word' id='word_1_43' title='bbox 1544 1054 1727 1117; x_wconf 88' lang='lat' dir='ltr'><strong>bona</strong></span> <span class='ocrx_word' id='word_1_44' title='bbox 1746 1069 1867 1114; x_wconf 87' lang='lat' dir='ltr'><strong>sua</strong></span> <span class='ocrx_word' id='word_1_45' title='bbox 1884 1047 2232 1114; x_wconf 83' lang='lat' dir='ltr'><strong>consumit.</strong></span> <span class='ocrx_word' id='word_1_46' title='bbox 2413 1126 2420 1131; x_wconf 20' lang='lat' dir='ltr'><em>A</em></span> 
     </span>
    </p>

    <p class='ocr_par' dir='ltr' id='par_1_8' title="bbox 271 1147 2451 1458">
     <span class='ocr_line' id='line_1_9' title="bbox 271 1147 2448 1247; baseline -0.011 -12"><span class='ocrx_word' id='word_1_47' title='bbox 271 1166 673 1234; x_wconf 83' lang='lat' dir='ltr'><strong>Comissatio</strong></span> <span class='ocrx_word' id='word_1_48' title='bbox 698 1172 726 1200; x_wconf 77' lang='lat'><strong>⁸¹</strong></span> <span class='ocrx_word' id='word_1_49' title='bbox 771 1183 815 1229; x_wconf 89' lang='lat' dir='ltr'><strong>a</strong></span> <span class='ocrx_word' id='word_1_50' title='bbox 864 1164 1054 1244; x_wconf 87' lang='lat' dir='ltr'><strong>vicis,</strong></span> <span class='ocrx_word' id='word_1_51' title='bbox 1096 1182 1271 1247; x_wconf 87' lang='lat' dir='ltr'><strong>quos</strong></span> <span class='ocrx_word' id='word_1_52' title='bbox 1315 1158 1541 1225; x_wconf 81' lang='lat' dir='ltr'><strong>Graeci</strong></span> <span class='ocrx_word' id='word_1_53' title='bbox 1581 1152 1777 1238; x_wconf 71' lang='grc' dir='ltr'><strong><em>κώμας</em></strong></span> <span class='ocrx_word' id='word_1_54' title='bbox 1835 1151 2085 1231; x_wconf 86' lang='lat' dir='ltr'><strong>dieunt,</strong></span> <span class='ocrx_word' id='word_1_55' title='bbox 2144 1147 2448 1233; x_wconf 87' lang='lat' dir='ltr'><strong>appella-</strong></span> 
     </span>
     <span class='ocr_line' id='line_1_10' title="bbox 353 1252 2451 1348; baseline -0.011 -10"><span class='ocrx_word' id='word_1_56' title='bbox 353 1278 490 1338; x_wconf 83' lang='lat' dir='ltr'><strong>tur:</strong></span> <span class='ocrx_word' id='word_1_57' title='bbox 535 1271 605 1335; x_wconf 91' lang='lat' dir='ltr'><strong>in</strong></span> <span class='ocrx_word' id='word_1_58' title='bbox 652 1269 759 1334; x_wconf 85' lang='lat' dir='ltr'><strong>his</strong></span> <span class='ocrx_word' id='word_1_59' title='bbox 808 1267 981 1333; x_wconf 88' lang='lat' dir='ltr'><strong>enim</strong></span> <span class='ocrx_word' id='word_1_60' title='bbox 1029 1267 1418 1333; x_wconf 77' lang='lat' dir='ltr'><strong>habitabant</strong></span> <span class='ocrx_word' id='word_1_61' title='bbox 1460 1262 1667 1348; x_wconf 87' lang='lat' dir='ltr'><strong>prius,</strong></span> <span class='ocrx_word' id='word_1_62' title='bbox 1692 1278 1890 1345; x_wconf 84' lang='lat' dir='ltr'><strong>quam</strong></span> <span class='ocrx_word' id='word_1_63' title='bbox 1919 1254 2177 1340; x_wconf 85' lang='lat' dir='ltr'><strong>oppida</strong></span> <span class='ocrx_word' id='word_1_64' title='bbox 2204 1252 2451 1319; x_wconf 89' lang='lat' dir='ltr'><strong>conde-</strong></span> 
     </span>
     <span class='ocr_line' id='line_1_11' title="bbox 355 1358 2451 1458; baseline -0.011 -16"><span class='ocrx_word' id='word_1_65' title='bbox 355 1381 617 1442; x_wconf 81' lang='lat' dir='ltr'><strong>rentur:</strong></span> <span class='ocrx_word' id='word_1_66' title='bbox 662 1373 907 1458; x_wconf 85' lang='lat' dir='ltr'><strong>quibus</strong></span> <span class='ocrx_word' id='word_1_67' title='bbox 951 1372 1022 1436; x_wconf 90' lang='lat' dir='ltr'><strong>in</strong></span> <span class='ocrx_word' id='word_1_68' title='bbox 1051 1371 1227 1436; x_wconf 88' lang='lat' dir='ltr'><strong>locis</strong></span> <span class='ocrx_word' id='word_1_69' title='bbox 1257 1368 1374 1435; x_wconf 90' lang='lat' dir='ltr'><strong>alii</strong></span> <span class='ocrx_word' id='word_1_70' title='bbox 1398 1369 1574 1433; x_wconf 83' lang='lat' dir='ltr'><strong>alios</strong></span> <span class='ocrx_word' id='word_1_71' title='bbox 1612 1364 1952 1432; x_wconf 83' lang='lat' dir='ltr'><strong>convictus</strong></span> <span class='ocrx_word' id='word_1_72' title='bbox 1984 1377 2193 1426; x_wconf 87' lang='lat' dir='ltr'><strong>causa</strong></span> <span class='ocrx_word' id='word_1_73' title='bbox 2214 1358 2451 1422; x_wconf 85' lang='lat' dir='ltr'><strong>invita-</strong></span> 
     </span>
    </p>
   </div>
   <div class='ocr_carea' id='block_1_6' title="bbox 351 1481 536 1545">
    <p class='ocr_par' dir='ltr' id='par_1_9' title="bbox 351 1481 536 1545">
     <span class='ocr_line' id='line_1_12' title="bbox 351 1481 536 1545; baseline -0.011 0"><span class='ocrx_word' id='word_1_74' title='bbox 351 1481 536 1545; x_wconf 91' lang='lat' dir='ltr'><strong>bant.</strong></span> 
     </span>
    </p>
   </div>
   <div class='ocr_carea' id='block_1_7' title="bbox 270 1565 2448 1666">
    <p class='ocr_par' dir='ltr' id='par_1_10' title="bbox 270 1565 2448 1666">
     <span class='ocr_line' id='line_1_13' title="bbox 270 1565 2448 1666; baseline -0.01 -16"><span class='ocrx_word' id='word_1_75' title='bbox 270 1583 707 1650; x_wconf 81' lang='lat' dir='ltr'><strong>Comitiales¹</strong></span> <span class='ocrx_word' id='word_1_76' title='bbox 725 1582 872 1648; x_wconf 89' lang='lat' dir='ltr'><strong>dies</strong></span> <span class='ocrx_word' id='word_1_77' title='bbox 889 1576 1344 1666; x_wconf 83' lang='lat' dir='ltr'><strong>appellabant,</strong></span> <span class='ocrx_word' id='word_1_78' title='bbox 1369 1595 1519 1642; x_wconf 88' lang='lat' dir='ltr'><strong>cum</strong></span> <span class='ocrx_word' id='word_1_79' title='bbox 1548 1574 1619 1639; x_wconf 91' lang='lat' dir='ltr'><strong>in</strong></span> <span class='ocrx_word' id='word_1_80' title='bbox 1644 1570 1922 1639; x_wconf 90' lang='lat' dir='ltr'><strong>comitio</strong></span> <span class='ocrx_word' id='word_1_81' title='bbox 1938 1565 2448 1633; x_wconf 82' lang='lat' dir='ltr'><strong>conveniebant:</strong></span> 
     </span>
    </p>
   </div>
   <div class='ocr_carea' id='block_1_8' title="bbox 1256 1760 1469 1813">
    <p class='ocr_par' dir='ltr' id='par_1_11' title="bbox 1256 1760 1469 1813">
     <span class='ocr_line' id='line_1_14' title="bbox 1256 1760 1469 1813; baseline 0 0"><span class='ocrx_word' id='word_1_82' title='bbox 1256 1760 1469 1813; x_wconf 63' lang='lat' dir='ltr'>NOTAE</span> 
     </span>
    </p>
   </div>
   <div class='ocr_carea' id='block_1_9' title="bbox 262 1861 1333 4426">
    <p class='ocr_par' dir='ltr' id='par_1_12' title="bbox 270 1861 1325 2231">
     <span class='ocr_line' id='line_1_15' title="bbox 337 1861 1323 1929; baseline -0.005 -12"><span class='ocrx_word' id='word_1_83' title='bbox 337 1865 583 1929; x_wconf 70' lang='lat' dir='ltr'><strong>Gulosus]</strong></span> <span class='ocrx_word' id='word_1_84' title='bbox 638 1861 939 1928; x_wconf 79' lang='lat' dir='ltr'><strong>Legendum</strong></span> <span class='ocrx_word' id='word_1_85' title='bbox 1004 1878 1036 1913; x_wconf 80' lang='grc' dir='ltr'><strong><em>α</em></strong></span> <span class='ocrx_word' id='word_1_86' title='bbox 1104 1862 1323 1919; x_wconf 60' lang='lat' dir='ltr'><strong>camme,</strong></span> 
     </span>
     <span class='ocr_line' id='line_1_16' title="bbox 272 1938 1325 2007; baseline -0.008 -11"><span class='ocrx_word' id='word_1_87' title='bbox 272 1953 404 1996; x_wconf 87' lang='lat' dir='ltr'><strong>teste</strong></span> <span class='ocrx_word' id='word_1_88' title='bbox 428 1943 510 1993; x_wconf 78' lang='lat' dir='ltr'><strong>sel</strong></span> <span class='ocrx_word' id='word_1_89' title='bbox 545 1942 660 2007; x_wconf 85' lang='lat' dir='ltr'><strong>ipso</strong></span> <span class='ocrx_word' id='word_1_90' title='bbox 681 1938 898 2005; x_wconf 80' lang='lat' dir='ltr'><strong>artifice,</strong></span> <span class='ocrx_word' id='word_1_91' title='bbox 913 1939 1000 2004; x_wconf 86' lang='lat' dir='ltr'><strong>qni</strong></span> <span class='ocrx_word' id='word_1_92' title='bbox 1018 1938 1325 2004; x_wconf 73' lang='lat' dir='ltr'><strong>subscripsit</strong></span> 
     </span>
     <span class='ocr_line' id='line_1_17' title="bbox 271 2013 1321 2080; baseline -0.01 -5"><span class='ocrx_word' id='word_1_93' title='bbox 271 2025 481 2075; x_wconf 74' lang='lat' dir='ltr'><strong>Colosso</strong></span> <span class='ocrx_word' id='word_1_94' title='bbox 503 2037 518 2071; x_wconf 78' lang='lat'>2</span> <span class='ocrx_word' id='word_1_95' title='bbox 553 2019 647 2070; x_wconf 75' lang='grc' dir='ltr'><strong>Τδν</strong></span> <span class='ocrx_word' id='word_1_96' title='bbox 678 2019 729 2068; x_wconf 75' lang='grc' dir='ltr'><strong>ἐν</strong></span> <span class='ocrx_word' id='word_1_97' title='bbox 748 2016 888 2080; x_wconf 61' lang='grc' dir='ltr'><strong>Ῥόδῳ</strong></span> <span class='ocrx_word' id='word_1_98' title='bbox 909 2016 1160 2067; x_wconf 75' lang='grc' dir='ltr'><strong>Κολοσσδν</strong></span> <span class='ocrx_word' id='word_1_99' title='bbox 1178 2013 1321 2066; x_wconf 66' lang='grc' dir='ltr'><strong>ἑπτά·</strong></span> 
     </span>
     <span class='ocr_line' id='line_1_18' title="bbox 270 2095 1320 2164; baseline -0.008 -11"><span class='ocrx_word' id='word_1_100' title='bbox 270 2120 340 2153; x_wconf 77' lang='grc' dir='ltr'><strong>κις</strong></span> <span class='ocrx_word' id='word_1_101' title='bbox 362 2100 475 2153; x_wconf 73' lang='grc' dir='ltr'><strong><em>δέκα</em></strong></span> <span class='ocrx_word' id='word_1_102' title='bbox 496 2098 661 2164; x_wconf 74' lang='grc' dir='ltr'><strong><em>Χάρης</em></strong></span> <span class='ocrx_word' id='word_1_103' title='bbox 692 2095 837 2148; x_wconf 67' lang='grc' dir='ltr'><strong><em>ἐποίει</em></strong></span> <span class='ocrx_word' id='word_1_104' title='bbox 858 2095 1052 2161; x_wconf 70' lang='grc' dir='ltr'><strong>πήχεων</strong></span> <span class='ocrx_word' id='word_1_105' title='bbox 1075 2096 1104 2146; x_wconf 78' lang='grc' dir='ltr'><strong><em>ὁ</em></strong></span> <span class='ocrx_word' id='word_1_106' title='bbox 1123 2096 1320 2147; x_wconf 71' lang='grc' dir='ltr'><strong>Λίνδιος.</strong></span> 
     </span>
     <span class='ocr_line' id='line_1_19' title="bbox 270 2180 528 2231; baseline -0.008 0"><span class='ocrx_word' id='word_1_107' title='bbox 270 2183 372 2231; x_wconf 76' lang='lat' dir='ltr'><strong>Jos.</strong></span> <span class='ocrx_word' id='word_1_108' title='bbox 393 2180 528 2231; x_wconf 72' lang='lat' dir='ltr'><strong>scat.</strong></span> 
     </span>
    </p>

    <p class='ocr_par' dir='ltr' id='par_1_13' title="bbox 262 2248 1329 3727">
     <span class='ocr_line' id='line_1_20' title="bbox 355 2248 1324 2316; baseline -0.01 -8"><span class='ocrx_word' id='word_1_109' title='bbox 355 2259 583 2308; x_wconf 78' lang='lat' dir='ltr'><strong>Colosssss</strong></span> <span class='ocrx_word' id='word_1_110' title='bbox 628 2270 660 2305; x_wconf 80' lang='grc' dir='ltr'><strong><em>α</em></strong></span> <span class='ocrx_word' id='word_1_111' title='bbox 717 2251 903 2316; x_wconf 79' lang='lat' dir='ltr'><strong>Caleto]</strong></span> <span class='ocrx_word' id='word_1_112' title='bbox 956 2248 1257 2315; x_wconf 71' lang='lat' dir='ltr'><strong>Legendum</strong></span> <span class='ocrx_word' id='word_1_113' title='bbox 1292 2265 1324 2299; x_wconf 86' lang='grc' dir='ltr'><strong><em>α</em></strong></span> 
     </span>
     <span class='ocr_line' id='line_1_21' title="bbox 280 2326 1326 2398; baseline -0.008 -12"><span class='ocrx_word' id='word_1_114' title='bbox 280 2337 503 2398; x_wconf 68' lang='lat' dir='ltr'><strong>Charete,</strong></span> <span class='ocrx_word' id='word_1_115' title='bbox 542 2341 677 2385; x_wconf 89' lang='lat' dir='ltr'><strong>teste</strong></span> <span class='ocrx_word' id='word_1_116' title='bbox 721 2331 1017 2382; x_wconf 78' lang='lat' dir='ltr'><strong>Simonide:</strong></span> <span class='ocrx_word' id='word_1_117' title='bbox 1075 2326 1326 2379; x_wconf 72' lang='grc' dir='ltr'><strong>κολοσσὸν</strong></span> 
     </span>
     <span class='ocr_line' id='line_1_22' title="bbox 270 2405 1326 2474; baseline -0.008 -8"><span class='ocrx_word' id='word_1_118' title='bbox 270 2413 403 2474; x_wconf 67' lang='grc' dir='ltr'><strong>ἡλίου</strong></span> <span class='ocrx_word' id='word_1_119' title='bbox 443 2412 554 2464; x_wconf 68' lang='lat' dir='ltr'><strong>no·</strong></span> <span class='ocrx_word' id='word_1_120' title='bbox 594 2409 789 2462; x_wconf 64' lang='grc' dir='ltr'><strong>ἑπτάκις</strong></span> <span class='ocrx_word' id='word_1_121' title='bbox 829 2407 943 2461; x_wconf 68' lang='grc' dir='ltr'><strong>δέκα</strong></span> <span class='ocrx_word' id='word_1_122' title='bbox 982 2405 1141 2473; x_wconf 69' lang='grc' dir='ltr'><strong><em>Χάρης</em></strong></span> <span class='ocrx_word' id='word_1_123' title='bbox 1181 2408 1326 2459; x_wconf 66' lang='grc' dir='ltr'><strong>ἐποίει</strong></span> 
     </span>
     <span class='ocr_line' id='line_1_23' title="bbox 268 2488 1325 2556; baseline -0.006 -14"><span class='ocrx_word' id='word_1_124' title='bbox 268 2491 461 2556; x_wconf 65' lang='grc' dir='ltr'><strong>πήχεων</strong></span> <span class='ocrx_word' id='word_1_125' title='bbox 490 2493 520 2541; x_wconf 75' lang='grc' dir='ltr'><strong><em>ὁ</em></strong></span> <span class='ocrx_word' id='word_1_126' title='bbox 557 2489 763 2540; x_wconf 64' lang='lat' dir='ltr'><strong>Amans.</strong></span> <span class='ocrx_word' id='word_1_127' title='bbox 794 2489 857 2540; x_wconf 92' lang='lat' dir='ltr'><strong>Id</strong></span> <span class='ocrx_word' id='word_1_128' title='bbox 882 2495 979 2545; x_wconf 85' lang='lat' dir='ltr'><strong>est,</strong></span> <span class='ocrx_word' id='word_1_129' title='bbox 1016 2488 1032 2516; x_wconf 88' lang='lat'>‘</span> <span class='ocrx_word' id='word_1_130' title='bbox 1058 2488 1325 2538; x_wconf 87' lang='lat' dir='ltr'><strong>Colossum</strong></span> 
     </span>
     <span class='ocr_line' id='line_1_24' title="bbox 269 2562 1325 2631; baseline -0.006 -11"><span class='ocrx_word' id='word_1_131' title='bbox 269 2569 402 2620; x_wconf 82' lang='lat' dir='ltr'><strong>Solis</strong></span> <span class='ocrx_word' id='word_1_132' title='bbox 423 2569 551 2619; x_wconf 85' lang='lat' dir='ltr'><strong>olim</strong></span> <span class='ocrx_word' id='word_1_133' title='bbox 571 2567 836 2631; x_wconf 77' lang='lat' dir='ltr'><strong>sexaginta</strong></span> <span class='ocrx_word' id='word_1_134' title='bbox 850 2574 905 2616; x_wconf 87' lang='lat' dir='ltr'><strong>et</strong></span> <span class='ocrx_word' id='word_1_135' title='bbox 927 2565 1108 2615; x_wconf 85' lang='lat' dir='ltr'><strong>decem</strong></span> <span class='ocrx_word' id='word_1_136' title='bbox 1126 2562 1325 2615; x_wconf 86' lang='lat' dir='ltr'><strong>cubito·</strong></span> 
     </span>
     <span class='ocr_line' id='line_1_25' title="bbox 262 2642 1322 2710; baseline -0.004 -13"><span class='ocrx_word' id='word_1_137' title='bbox 262 2661 378 2697; x_wconf 87' lang='lat' dir='ltr'><strong>-rnm</strong></span> <span class='ocrx_word' id='word_1_138' title='bbox 401 2644 533 2698; x_wconf 81' lang='lat' dir='ltr'><strong>feeit</strong></span> <span class='ocrx_word' id='word_1_139' title='bbox 558 2645 750 2695; x_wconf 79' lang='lat' dir='ltr'><strong>Chares</strong></span> <span class='ocrx_word' id='word_1_140' title='bbox 774 2642 1037 2710; x_wconf 81' lang='lat' dir='ltr'><strong>Lyndius.&#39;</strong></span> <span class='ocrx_word' id='word_1_141' title='bbox 1067 2643 1213 2694; x_wconf 70' lang='lat' dir='ltr'><strong>an</strong></span> <span class='ocrx_word' id='word_1_142' title='bbox 1230 2643 1322 2694; x_wconf 88' lang='lat' dir='ltr'><strong>lib.</strong></span> 
     </span>
     <span class='ocr_line' id='line_1_26' title="bbox 270 2721 1324 2777; baseline -0.006 -1"><span class='ocrx_word' id='word_1_143' title='bbox 270 2738 472 2777; x_wconf 73' lang='lat' dir='ltr'><strong>xxxxv.</strong></span> <span class='ocrx_word' id='word_1_144' title='bbox 504 2739 559 2776; x_wconf 83' lang='lat' dir='ltr'><strong>c.</strong></span> <span class='ocrx_word' id='word_1_145' title='bbox 580 2728 630 2774; x_wconf 83' lang='grc'><strong>7.</strong></span> <span class='ocrx_word' id='word_1_146' title='bbox 664 2724 681 2752; x_wconf 87' lang='lat'>‘</span> <span class='ocrx_word' id='word_1_147' title='bbox 704 2721 844 2773; x_wconf 83' lang='lat' dir='ltr'><strong>Ante</strong></span> <span class='ocrx_word' id='word_1_148' title='bbox 879 2736 1055 2772; x_wconf 89' lang='lat' dir='ltr'><strong>omnes</strong></span> <span class='ocrx_word' id='word_1_149' title='bbox 1078 2729 1247 2771; x_wconf 82' lang='lat' dir='ltr'><strong>autem</strong></span> <span class='ocrx_word' id='word_1_150' title='bbox 1271 2721 1324 2771; x_wconf 90' lang='lat' dir='ltr'><strong>in</strong></span> 
     </span>
     <span class='ocr_line' id='line_1_27' title="bbox 270 2799 1325 2855; baseline -0.004 -2"><span class='ocrx_word' id='word_1_151' title='bbox 270 2803 613 2855; x_wconf 76' lang='lat' dir='ltr'><strong>admiratione</strong></span> <span class='ocrx_word' id='word_1_152' title='bbox 651 2801 752 2852; x_wconf 85' lang='lat' dir='ltr'><strong>fuit</strong></span> <span class='ocrx_word' id='word_1_153' title='bbox 773 2801 907 2851; x_wconf 86' lang='lat' dir='ltr'><strong>Solis</strong></span> <span class='ocrx_word' id='word_1_154' title='bbox 930 2801 1167 2851; x_wconf 88' lang='lat' dir='ltr'><strong>colossus</strong></span> <span class='ocrx_word' id='word_1_155' title='bbox 1189 2799 1325 2849; x_wconf 80' lang='lat' dir='ltr'><strong>Rbo-</strong></span> 
     </span>
     <span class='ocr_line' id='line_1_28' title="bbox 268 2877 1326 2947; baseline -0.003 -17"><span class='ocrx_word' id='word_1_156' title='bbox 268 2881 336 2939; x_wconf 87' lang='lat' dir='ltr'><strong>di,</strong></span> <span class='ocrx_word' id='word_1_157' title='bbox 358 2896 511 2947; x_wconf 84' lang='lat' dir='ltr'><strong>quem</strong></span> <span class='ocrx_word' id='word_1_158' title='bbox 538 2879 734 2931; x_wconf 81' lang='lat' dir='ltr'><strong>fecerat</strong></span> <span class='ocrx_word' id='word_1_159' title='bbox 753 2878 945 2929; x_wconf 80' lang='lat' dir='ltr'><strong>Chares</strong></span> <span class='ocrx_word' id='word_1_160' title='bbox 965 2877 1209 2943; x_wconf 77' lang='lat' dir='ltr'><strong>Lyndins,</strong></span> <span class='ocrx_word' id='word_1_161' title='bbox 1227 2878 1326 2942; x_wconf 78' lang='lat' dir='ltr'><strong>Ly·</strong></span> 
     </span>
     <span class='ocr_line' id='line_1_29' title="bbox 271 2953 1324 3025; baseline -0.003 -17"><span class='ocrx_word' id='word_1_162' title='bbox 271 2960 401 3025; x_wconf 86' lang='lat' dir='ltr'><strong>sippi</strong></span> <span class='ocrx_word' id='word_1_163' title='bbox 431 2973 594 3024; x_wconf 80' lang='lat' dir='ltr'><strong>supra</strong></span> <span class='ocrx_word' id='word_1_164' title='bbox 631 2957 756 3008; x_wconf 80' lang='lat' dir='ltr'><strong>dicti</strong></span> <span class='ocrx_word' id='word_1_165' title='bbox 790 2953 1111 3019; x_wconf 85' lang='lat' dir='ltr'><strong>discipulus.&#39;</strong></span> <span class='ocrx_word' id='word_1_166' title='bbox 1177 2954 1324 3005; x_wconf 84' lang='lat' dir='ltr'><strong>Idem</strong></span> 
     </span>
     <span class='ocr_line' id='line_1_30' title="bbox 270 3032 1324 3097; baseline -0.009 -8"><span class='ocrx_word' id='word_1_167' title='bbox 270 3037 450 3088; x_wconf 85' lang='lat' dir='ltr'><strong>Strabo</strong></span> <span class='ocrx_word' id='word_1_168' title='bbox 473 3046 530 3087; x_wconf 89' lang='lat' dir='ltr'><strong>et</strong></span> <span class='ocrx_word' id='word_1_169' title='bbox 555 3034 795 3086; x_wconf 81' lang='lat' dir='ltr'><strong>Eustatb.</strong></span> <span class='ocrx_word' id='word_1_170' title='bbox 819 3032 884 3082; x_wconf 85' lang='lat' dir='ltr'><strong>ad</strong></span> <span class='ocrx_word' id='word_1_171' title='bbox 907 3033 1123 3097; x_wconf 79' lang='lat' dir='ltr'><strong>Dionys.</strong></span> <span class='ocrx_word' id='word_1_172' title='bbox 1150 3046 1324 3081; x_wconf 76' lang='lat' dir='ltr'><strong>serum</strong></span> 
     </span>
     <span class='ocr_line' id='line_1_31' title="bbox 271 3108 1325 3174; baseline -0.008 -9"><span class='ocrx_word' id='word_1_173' title='bbox 271 3113 545 3165; x_wconf 74' lang='lat' dir='ltr'><strong>Simonidis</strong></span> <span class='ocrx_word' id='word_1_174' title='bbox 604 3125 782 3162; x_wconf 73' lang='lat' dir='ltr'><strong>versus</strong></span> <span class='ocrx_word' id='word_1_175' title='bbox 821 3110 974 3160; x_wconf 79' lang='lat' dir='ltr'><strong>aliter</strong></span> <span class='ocrx_word' id='word_1_176' title='bbox 1026 3108 1078 3158; x_wconf 87' lang='lat' dir='ltr'><strong>iu</strong></span> <span class='ocrx_word' id='word_1_177' title='bbox 1117 3108 1325 3174; x_wconf 83' lang='lat' dir='ltr'><strong>quibus-</strong></span> 
     </span>
     <span class='ocr_line' id='line_1_32' title="bbox 274 3185 1329 3256; baseline -0.007 -13"><span class='ocrx_word' id='word_1_178' title='bbox 274 3192 420 3255; x_wconf 77' lang='lat' dir='ltr'><strong>dam3</strong></span> <span class='ocrx_word' id='word_1_179' title='bbox 458 3205 671 3256; x_wconf 84' lang='lat' dir='ltr'><strong>nempe:</strong></span> <span class='ocrx_word' id='word_1_180' title='bbox 736 3188 830 3240; x_wconf 67' lang='lat' dir='ltr'><strong>&#39;rin</strong></span> <span class='ocrx_word' id='word_1_181' title='bbox 849 3185 1054 3251; x_wconf 67' lang='grc' dir='ltr'><strong>δνῬόδφ</strong></span> <span class='ocrx_word' id='word_1_182' title='bbox 1076 3186 1329 3237; x_wconf 49' lang='lat' dir='ltr'><strong>Kolsa-ebs</strong></span> 
     </span>
     <span class='ocr_line' id='line_1_33' title="bbox 276 3263 1327 3331; baseline -0.007 -11"><span class='ocrx_word' id='word_1_183' title='bbox 276 3269 462 3322; x_wconf 67' lang='grc' dir='ltr'><strong><em>ὀκτάκις</em></strong></span> <span class='ocrx_word' id='word_1_184' title='bbox 478 3267 595 3320; x_wconf 70' lang='grc' dir='ltr'><strong>δέκα</strong></span> <span class='ocrx_word' id='word_1_185' title='bbox 605 3266 768 3331; x_wconf 73' lang='grc' dir='ltr'><strong><em>Λάχης</em></strong></span> <span class='ocrx_word' id='word_1_186' title='bbox 787 3264 933 3316; x_wconf 64' lang='grc' dir='ltr'><strong><em>ἐποίει</em></strong></span> <span class='ocrx_word' id='word_1_187' title='bbox 953 3264 1143 3329; x_wconf 67' lang='grc' dir='ltr'><strong>πηχέων</strong></span> <span class='ocrx_word' id='word_1_188' title='bbox 1163 3265 1192 3314; x_wconf 75' lang='grc' dir='ltr'><strong><em>ὅ</em></strong></span> <span class='ocrx_word' id='word_1_189' title='bbox 1211 3263 1327 3314; x_wconf 74' lang='grc' dir='ltr'><strong>Δύν-</strong></span> 
     </span>
     <span class='ocr_line' id='line_1_34' title="bbox 273 3342 1328 3409; baseline -0.006 -12"><span class='ocrx_word' id='word_1_190' title='bbox 273 3349 383 3400; x_wconf 66' lang='grc' dir='ltr'><strong><em>διος.</em></strong></span> <span class='ocrx_word' id='word_1_191' title='bbox 443 3348 560 3400; x_wconf 81' lang='lat' dir='ltr'><strong>Nisi</strong></span> <span class='ocrx_word' id='word_1_192' title='bbox 585 3348 654 3398; x_wconf 88' lang='lat' dir='ltr'><strong>ibi</strong></span> <span class='ocrx_word' id='word_1_193' title='bbox 678 3345 837 3409; x_wconf 76' lang='grc' dir='ltr'><strong><em>Χάρης</em></strong></span> <span class='ocrx_word' id='word_1_194' title='bbox 855 3352 912 3396; x_wconf 87' lang='lat' dir='ltr'><strong>et</strong></span> <span class='ocrx_word' id='word_1_195' title='bbox 932 3342 1140 3406; x_wconf 67' lang='grc' dir='ltr'><strong>ἑπτάκις,</strong></span> <span class='ocrx_word' id='word_1_196' title='bbox 1163 3348 1222 3393; x_wconf 89' lang='lat' dir='ltr'><strong>ut</strong></span> <span class='ocrx_word' id='word_1_197' title='bbox 1243 3357 1328 3393; x_wconf 88' lang='lat' dir='ltr'><strong>sn-</strong></span> 
     </span>
     <span class='ocr_line' id='line_1_35' title="bbox 277 3422 1327 3492; baseline -0.007 -15"><span class='ocrx_word' id='word_1_198' title='bbox 277 3441 388 3492; x_wconf 84' lang='lat' dir='ltr'><strong>pra,</strong></span> <span class='ocrx_word' id='word_1_199' title='bbox 406 3429 473 3477; x_wconf 87' lang='lat' dir='ltr'><strong>sit</strong></span> <span class='ocrx_word' id='word_1_200' title='bbox 502 3425 905 3476; x_wconf 78' lang='lat' dir='ltr'><strong>rescribendum.</strong></span> <span class='ocrx_word' id='word_1_201' title='bbox 950 3422 1188 3473; x_wconf 83' lang='lat' dir='ltr'><strong>Colossus</strong></span> <span class='ocrx_word' id='word_1_202' title='bbox 1209 3427 1327 3485; x_wconf 83' lang='lat' dir='ltr'><strong>post</strong></span> 
     </span>
     <span class='ocr_line' id='line_1_36' title="bbox 272 3506 1329 3572; baseline -0.006 -17"><span class='ocrx_word' id='word_1_203' title='bbox 272 3506 747 3572; x_wconf 81' lang='lat' dir='ltr'><strong>quinquagesimum</strong></span> <span class='ocrx_word' id='word_1_204' title='bbox 777 3511 981 3553; x_wconf 83' lang='lat' dir='ltr'><strong>sextum</strong></span> <span class='ocrx_word' id='word_1_205' title='bbox 1018 3515 1204 3551; x_wconf 88' lang='lat' dir='ltr'><strong>annum</strong></span> <span class='ocrx_word' id='word_1_206' title='bbox 1226 3507 1329 3550; x_wconf 85' lang='lat' dir='ltr'><strong>ter·</strong></span> 
     </span>
     <span class='ocr_line' id='line_1_37' title="bbox 275 3577 1329 3634; baseline -0.007 0"><span class='ocrx_word' id='word_1_207' title='bbox 275 3597 344 3634; x_wconf 74' lang='lat' dir='ltr'><strong>rae</strong></span> <span class='ocrx_word' id='word_1_208' title='bbox 380 3593 522 3634; x_wconf 86' lang='lat' dir='ltr'><strong>motu</strong></span> <span class='ocrx_word' id='word_1_209' title='bbox 556 3583 763 3634; x_wconf 86' lang='lat' dir='ltr'><strong>cecidit.</strong></span> <span class='ocrx_word' id='word_1_210' title='bbox 826 3582 962 3632; x_wconf 79' lang='lat' dir='ltr'><strong>Vide</strong></span> <span class='ocrx_word' id='word_1_211' title='bbox 986 3580 1123 3631; x_wconf 86' lang='lat' dir='ltr'><strong>Plin.</strong></span> <span class='ocrx_word' id='word_1_212' title='bbox 1147 3586 1203 3629; x_wconf 89' lang='lat' dir='ltr'><strong>et</strong></span> <span class='ocrx_word' id='word_1_213' title='bbox 1226 3577 1329 3628; x_wconf 89' lang='lat' dir='ltr'><strong>Po-</strong></span> 
     </span>
     <span class='ocr_line' id='line_1_38' title="bbox 280 3661 733 3727; baseline -0.007 -15"><span class='ocrx_word' id='word_1_214' title='bbox 280 3662 383 3727; x_wconf 75' lang='lat' dir='ltr'><strong>tyb.</strong></span> <span class='ocrx_word' id='word_1_215' title='bbox 402 3661 492 3711; x_wconf 85' lang='lat' dir='ltr'><strong>lib.</strong></span> <span class='ocrx_word' id='word_1_216' title='bbox 517 3674 575 3710; x_wconf 74' lang='lat' dir='ltr'><strong>v.</strong></span> <span class='ocrx_word' id='word_1_217' title='bbox 609 3661 733 3710; x_wconf 84' lang='lat' dir='ltr'><strong>Duc.</strong></span> 
     </span>
    </p>

    <p class='ocr_par' dir='ltr' id='par_1_14' title="bbox 279 3731 1332 4187">
     <span class='ocr_line' id='line_1_39' title="bbox 338 3731 1327 3803; baseline -0.008 -14"><span class='ocrx_word' id='word_1_218' title='bbox 338 3746 358 3772; x_wconf 84' lang='lat'>⁸</span> <span class='ocrx_word' id='word_1_219' title='bbox 394 3738 661 3803; x_wconf 70' lang='lat' dir='ltr'><strong>Columna]</strong></span> <span class='ocrx_word' id='word_1_220' title='bbox 711 3739 955 3795; x_wconf 59' lang='lat' dir='ltr'><strong>Cottam«,</strong></span> <span class='ocrx_word' id='word_1_221' title='bbox 977 3733 1120 3802; x_wconf 85' lang='lat' dir='ltr'><strong>quasi</strong></span> <span class='ocrx_word' id='word_1_222' title='bbox 1142 3731 1327 3783; x_wconf 71' lang='lat' dir='ltr'><strong>colmi-</strong></span> 
     </span>
     <span class='ocr_line' id='line_1_40' title="bbox 279 3814 1328 3877; baseline -0.006 -11"><span class='ocrx_word' id='word_1_223' title='bbox 279 3832 360 3877; x_wconf 79' lang='grc' dir='ltr'><strong>ια,</strong></span> <span class='ocrx_word' id='word_1_224' title='bbox 374 3832 404 3868; x_wconf 91' lang='lat' dir='ltr'><strong>a</strong></span> <span class='ocrx_word' id='word_1_225' title='bbox 426 3817 652 3867; x_wconf 71' lang='lat' dir='ltr'><strong>columen.</strong></span> <span class='ocrx_word' id='word_1_226' title='bbox 715 3816 927 3867; x_wconf 76' lang='lat' dir='ltr'><strong>vitruv.</strong></span> <span class='ocrx_word' id='word_1_227' title='bbox 948 3815 1034 3866; x_wconf 85' lang='lat' dir='ltr'><strong>lib.</strong></span> <span class='ocrx_word' id='word_1_228' title='bbox 1047 3827 1126 3865; x_wconf 72' lang='grc' dir='ltr'><strong>ιν.</strong></span> <span class='ocrx_word' id='word_1_229' title='bbox 1145 3827 1263 3877; x_wconf 89' lang='lat' dir='ltr'><strong>cap.</strong></span> <span class='ocrx_word' id='word_1_230' title='bbox 1279 3814 1328 3861; x_wconf 85' lang='grc'><strong>2.</strong></span> 
     </span>
     <span class='ocr_line' id='line_1_41' title="bbox 279 3888 1331 3958; baseline -0.007 -14"><span class='ocrx_word' id='word_1_231' title='bbox 279 3893 296 3920; x_wconf 90' lang='lat'>‘</span> <span class='ocrx_word' id='word_1_232' title='bbox 315 3894 561 3945; x_wconf 78' lang='lat' dir='ltr'><strong>columen</strong></span> <span class='ocrx_word' id='word_1_233' title='bbox 577 3892 627 3942; x_wconf 91' lang='lat' dir='ltr'><strong>in</strong></span> <span class='ocrx_word' id='word_1_234' title='bbox 643 3907 839 3943; x_wconf 87' lang='lat' dir='ltr'><strong>summo</strong></span> <span class='ocrx_word' id='word_1_235' title='bbox 854 3891 1058 3958; x_wconf 77' lang='lat' dir='ltr'><strong>fastigio</strong></span> <span class='ocrx_word' id='word_1_236' title='bbox 1073 3888 1331 3951; x_wconf 87' lang='lat' dir='ltr'><strong>culminis,</strong></span> 
     </span>
     <span class='ocr_line' id='line_1_42' title="bbox 280 3966 1331 4023; baseline -0.008 0"><span class='ocrx_word' id='word_1_237' title='bbox 280 3971 413 4023; x_wconf 87' lang='lat' dir='ltr'><strong>uude</strong></span> <span class='ocrx_word' id='word_1_238' title='bbox 431 3978 488 4022; x_wconf 88' lang='lat' dir='ltr'><strong>et</strong></span> <span class='ocrx_word' id='word_1_239' title='bbox 507 3972 761 4022; x_wconf 77' lang='lat' dir='ltr'><strong>columnae</strong></span> <span class='ocrx_word' id='word_1_240' title='bbox 795 3966 1074 4020; x_wconf 87' lang='lat' dir='ltr'><strong>dicuntur.&#39;</strong></span> <span class='ocrx_word' id='word_1_241' title='bbox 1138 3968 1331 4018; x_wconf 85' lang='lat' dir='ltr'><strong>Donat.</strong></span> 
     </span>
     <span class='ocr_line' id='line_1_43' title="bbox 282 4042 1332 4110; baseline -0.007 -11"><span class='ocrx_word' id='word_1_242' title='bbox 282 4054 297 4076; x_wconf 83' lang='lat'>‘</span> <span class='ocrx_word' id='word_1_243' title='bbox 318 4049 567 4099; x_wconf 86' lang='lat' dir='ltr'><strong>Columen</strong></span> <span class='ocrx_word' id='word_1_244' title='bbox 603 4062 726 4098; x_wconf 78' lang='lat' dir='ltr'><strong>sero</strong></span> <span class='ocrx_word' id='word_1_245' title='bbox 749 4045 980 4110; x_wconf 72' lang='lat' dir='ltr'><strong>familioe,</strong></span> <span class='ocrx_word' id='word_1_246' title='bbox 1019 4042 1332 4098; x_wconf 77' lang='lat' dir='ltr'><strong>sustentatio</strong></span> 
     </span>
     <span class='ocr_line' id='line_1_44' title="bbox 289 4122 1234 4187; baseline 0 -15"><span class='ocrx_word' id='word_1_247' title='bbox 289 4124 369 4173; x_wconf 79' lang='lat' dir='ltr'><strong>vel</strong></span> <span class='ocrx_word' id='word_1_248' title='bbox 393 4123 577 4187; x_wconf 89' lang='lat' dir='ltr'><strong>decus,</strong></span> <span class='ocrx_word' id='word_1_249' title='bbox 592 4123 734 4174; x_wconf 89' lang='lat' dir='ltr'><strong>unde</strong></span> <span class='ocrx_word' id='word_1_250' title='bbox 756 4122 1046 4174; x_wconf 56' lang='lat' dir='ltr'><strong>columna?</strong></span> <span class='ocrx_word' id='word_1_251' title='bbox 1081 4123 1234 4174; x_wconf 74' lang='lat' dir='ltr'><strong>Idem.</strong></span> 
     </span>
    </p>

    <p class='ocr_par' dir='ltr' id='par_1_15' title="bbox 289 4199 1333 4346">
     <span class='ocr_line' id='line_1_45' title="bbox 344 4199 1333 4267; baseline -0.004 -15"><span class='ocrx_word' id='word_1_252' title='bbox 344 4203 364 4235; x_wconf 76' lang='lat'>⁸</span> <span class='ocrx_word' id='word_1_253' title='bbox 396 4201 628 4266; x_wconf 73' lang='lat' dir='ltr'><strong>coitu-nu]</strong></span> <span class='ocrx_word' id='word_1_254' title='bbox 660 4200 746 4252; x_wconf 83' lang='lat' dir='ltr'><strong>Ab</strong></span> <span class='ocrx_word' id='word_1_255' title='bbox 779 4200 963 4253; x_wconf 84' lang='lat' dir='ltr'><strong>arbore</strong></span> <span class='ocrx_word' id='word_1_256' title='bbox 1000 4202 1153 4267; x_wconf 75' lang='lat' dir='ltr'><strong>corylo</strong></span> <span class='ocrx_word' id='word_1_257' title='bbox 1190 4199 1333 4250; x_wconf 83' lang='lat' dir='ltr'><strong>dicta</strong></span> 
     </span>
     <span class='ocr_line' id='line_1_46' title="bbox 289 4280 1333 4346; baseline -0.004 -14"><span class='ocrx_word' id='word_1_258' title='bbox 289 4282 456 4346; x_wconf 86' lang='lat' dir='ltr'><strong>potius</strong></span> <span class='ocrx_word' id='word_1_259' title='bbox 492 4283 684 4332; x_wconf 66' lang='lat' dir='ltr'><strong>colurno</strong></span> <span class='ocrx_word' id='word_1_260' title='bbox 721 4280 1118 4346; x_wconf 80' lang='lat' dir='ltr'><strong>transpositione</strong></span> <span class='ocrx_word' id='word_1_261' title='bbox 1159 4280 1333 4331; x_wconf 85' lang='lat' dir='ltr'><strong>litera·</strong></span> 
     </span>
    </p>

    <p class='ocr_par' dir='ltr' id='par_1_16' title="bbox 292 4357 1331 4426">
     <span class='ocr_line' id='line_1_47' title="bbox 292 4357 1331 4426; baseline 0 -16"><span class='ocrx_word' id='word_1_262' title='bbox 292 4373 398 4410; x_wconf 87' lang='lat' dir='ltr'><strong>rum</strong></span> <span class='ocrx_word' id='word_1_263' title='bbox 423 4374 519 4426; x_wconf 89' lang='lat' dir='ltr'><strong>pro</strong></span> <span class='ocrx_word' id='word_1_264' title='bbox 561 4360 772 4424; x_wconf 70' lang='lat' dir='ltr'><strong>contu-za,</strong></span> <span class='ocrx_word' id='word_1_265' title='bbox 805 4365 866 4409; x_wconf 89' lang='lat' dir='ltr'><strong>ut</strong></span> <span class='ocrx_word' id='word_1_266' title='bbox 908 4358 1069 4411; x_wconf 84' lang='lat' dir='ltr'><strong>sentit</strong></span> <span class='ocrx_word' id='word_1_267' title='bbox 1102 4357 1331 4411; x_wconf 80' lang='lat' dir='ltr'><strong>Servius.</strong></span> 
     </span>
    </p>
   </div>
   <div class='ocr_carea' id='block_1_10' title="bbox 1399 1851 2465 3245">
    <p class='ocr_par' dir='ltr' id='par_1_17' title="bbox 1399 1851 2460 2299">
     <span class='ocr_line' id='line_1_48' title="bbox 1404 1851 2452 1924; baseline -0.01 -14"><span class='ocrx_word' id='word_1_268' title='bbox 1404 1860 1591 1924; x_wconf 71' lang='lat' dir='ltr'><strong>virgil.</strong></span> <span class='ocrx_word' id='word_1_269' title='bbox 1613 1859 1808 1923; x_wconf 80' lang='lat' dir='ltr'><strong>Georg.</strong></span> <span class='ocrx_word' id='word_1_270' title='bbox 1848 1857 1865 1885; x_wconf 86' lang='lat'>‘</span> <span class='ocrx_word' id='word_1_271' title='bbox 1886 1854 2207 1919; x_wconf 69' lang='lat' dir='ltr'><strong>pinguiaque</strong></span> <span class='ocrx_word' id='word_1_272' title='bbox 2230 1851 2280 1901; x_wconf 90' lang='lat' dir='ltr'><strong>in</strong></span> <span class='ocrx_word' id='word_1_273' title='bbox 2307 1865 2452 1900; x_wconf 78' lang='lat' dir='ltr'><strong>sern-</strong></span> 
     </span>
     <span class='ocr_line' id='line_1_49' title="bbox 1401 1924 2454 1988; baseline -0.012 -1"><span class='ocrx_word' id='word_1_274' title='bbox 1401 1937 1496 1988; x_wconf 89' lang='lat' dir='ltr'><strong>bns</strong></span> <span class='ocrx_word' id='word_1_275' title='bbox 1533 1935 1838 1987; x_wconf 85' lang='lat' dir='ltr'><strong>torrebimus</strong></span> <span class='ocrx_word' id='word_1_276' title='bbox 1873 1940 1997 1983; x_wconf 80' lang='lat' dir='ltr'><strong>exta</strong></span> <span class='ocrx_word' id='word_1_277' title='bbox 2030 1924 2292 1981; x_wconf 63' lang='lat' dir='ltr'><strong>columis!</strong></span> <span class='ocrx_word' id='word_1_278' title='bbox 2356 1927 2454 1975; x_wconf 80' lang='lat' dir='ltr'><strong>Ta-</strong></span> 
     </span>
     <span class='ocr_line' id='line_1_50' title="bbox 1400 2004 2458 2074; baseline -0.016 -6"><span class='ocrx_word' id='word_1_279' title='bbox 1400 2031 1518 2068; x_wconf 87' lang='lat' dir='ltr'><strong>men</strong></span> <span class='ocrx_word' id='word_1_280' title='bbox 1542 2022 1670 2066; x_wconf 80' lang='lat' dir='ltr'><strong>vett.</strong></span> <span class='ocrx_word' id='word_1_281' title='bbox 1688 2013 1858 2065; x_wconf 84' lang='lat' dir='ltr'><strong>Gloss.</strong></span> <span class='ocrx_word' id='word_1_282' title='bbox 1879 2010 1896 2039; x_wconf 89' lang='lat'>‘</span> <span class='ocrx_word' id='word_1_283' title='bbox 1917 2006 2116 2074; x_wconf 72' lang='grc' dir='ltr'><strong><em>Κρανέα,</em></strong></span> <span class='ocrx_word' id='word_1_284' title='bbox 2134 2004 2321 2073; x_wconf 71' lang='grc' dir='ltr'><strong>δένδρον</strong></span> <span class='ocrx_word' id='word_1_285' title='bbox 2336 2017 2352 2054; x_wconf 73' lang='lat'>2</span> <span class='ocrx_word' id='word_1_286' title='bbox 2368 2017 2458 2053; x_wconf 87' lang='lat' dir='ltr'><strong>co·</strong></span> 
     </span>
     <span class='ocr_line' id='line_1_51' title="bbox 1399 2078 2460 2158; baseline -0.014 -13"><span class='ocrx_word' id='word_1_287' title='bbox 1399 2095 1625 2158; x_wconf 76' lang='lat' dir='ltr'><strong>lui-num,</strong></span> <span class='ocrx_word' id='word_1_288' title='bbox 1680 2088 1901 2143; x_wconf 86' lang='lat' dir='ltr'><strong>cornus.&#39;</strong></span> <span class='ocrx_word' id='word_1_289' title='bbox 1990 2088 2148 2151; x_wconf 78' lang='lat' dir='ltr'><strong>Ergo,</strong></span> <span class='ocrx_word' id='word_1_290' title='bbox 2193 2087 2207 2112; x_wconf 88' lang='lat'>‘</span> <span class='ocrx_word' id='word_1_291' title='bbox 2233 2078 2460 2141; x_wconf 82' lang='lat' dir='ltr'><strong>cornus,&#39;</strong></span> 
     </span>
     <span class='ocr_line' id='line_1_52' title="bbox 1400 2157 2457 2230; baseline -0.014 -8"><span class='ocrx_word' id='word_1_292' title='bbox 1400 2172 1417 2200; x_wconf 86' lang='lat'>‘</span> <span class='ocrx_word' id='word_1_293' title='bbox 1447 2168 1724 2230; x_wconf 82' lang='lat' dir='ltr'><strong>cernulus,&#39;</strong></span> <span class='ocrx_word' id='word_1_294' title='bbox 1771 2171 1787 2196; x_wconf 80' lang='lat'><em>⁴</em></span> <span class='ocrx_word' id='word_1_295' title='bbox 1808 2162 2087 2228; x_wconf 82' lang='lat' dir='ltr'><strong>conurlus,&#39;</strong></span> <span class='ocrx_word' id='word_1_296' title='bbox 2139 2169 2154 2191; x_wconf 82' lang='lat'>‘</span> <span class='ocrx_word' id='word_1_297' title='bbox 2174 2157 2457 2222; x_wconf 84' lang='lat' dir='ltr'><strong>colurnus,&#39;</strong></span> 
     </span>
     <span class='ocr_line' id='line_1_53' title="bbox 1403 2245 1926 2299; baseline -0.01 -1"><span class='ocrx_word' id='word_1_298' title='bbox 1403 2249 1419 2277; x_wconf 87' lang='lat'>‘</span> <span class='ocrx_word' id='word_1_299' title='bbox 1438 2245 1742 2299; x_wconf 86' lang='lat' dir='ltr'><strong>colurnum.&#39;</strong></span> <span class='ocrx_word' id='word_1_300' title='bbox 1777 2246 1926 2294; x_wconf 81' lang='lat' dir='ltr'><strong>Idem.</strong></span> 
     </span>
    </p>

    <p class='ocr_par' dir='ltr' id='par_1_18' title="bbox 1405 2316 2459 2463">
     <span class='ocr_line' id='line_1_54' title="bbox 1470 2316 2459 2385; baseline -0.01 -12"><span class='ocrx_word' id='word_1_301' title='bbox 1470 2332 1494 2357; x_wconf 83' lang='lat'><strong>¹¹</strong></span> <span class='ocrx_word' id='word_1_302' title='bbox 1531 2322 1834 2385; x_wconf 73' lang='lat' dir='ltr'><strong>comissatio]</strong></span> <span class='ocrx_word' id='word_1_303' title='bbox 1864 2316 2459 2379; x_wconf 75' lang='lat' dir='ltr'><strong>Graeciinterpretantur</strong></span> 
     </span>
     <span class='ocr_line' id='line_1_55' title="bbox 1405 2397 1942 2463; baseline -0.013 -8"><span class='ocrx_word' id='word_1_304' title='bbox 1405 2401 1653 2463; x_wconf 59' lang='lat' dir='ltr'><strong>otmar.</strong></span> <span class='ocrx_word' id='word_1_305' title='bbox 1682 2401 1788 2450; x_wconf 77' lang='lat' dir='ltr'><strong>Jos.</strong></span> <span class='ocrx_word' id='word_1_306' title='bbox 1812 2397 1942 2448; x_wconf 71' lang='lat' dir='ltr'><strong>Seni.</strong></span> 
     </span>
    </p>

    <p class='ocr_par' dir='ltr' id='par_1_19' title="bbox 1403 2467 2465 3245">
     <span class='ocr_line' id='line_1_56' title="bbox 1497 2467 2456 2541; baseline -0.018 -9"><span class='ocrx_word' id='word_1_307' title='bbox 1497 2476 1807 2541; x_wconf 73' lang='lat' dir='ltr'><strong>Comissatio]</strong></span> <span class='ocrx_word' id='word_1_308' title='bbox 1873 2471 2094 2537; x_wconf 80' lang='lat' dir='ltr'><strong>Proprie</strong></span> <span class='ocrx_word' id='word_1_309' title='bbox 2163 2467 2456 2520; x_wconf 79' lang='lat' dir='ltr'><strong>convivium</strong></span> 
     </span>
     <span class='ocr_line' id='line_1_57' title="bbox 1406 2546 2458 2627; baseline -0.017 -17"><span class='ocrx_word' id='word_1_310' title='bbox 1406 2559 1542 2627; x_wconf 83' lang='lat' dir='ltr'><strong>quod</strong></span> <span class='ocrx_word' id='word_1_311' title='bbox 1589 2565 1708 2622; x_wconf 87' lang='lat' dir='ltr'><strong>post</strong></span> <span class='ocrx_word' id='word_1_312' title='bbox 1745 2565 1941 2603; x_wconf 81' lang='lat' dir='ltr'><strong>coenam</strong></span> <span class='ocrx_word' id='word_1_313' title='bbox 1962 2547 2123 2599; x_wconf 74' lang='lat' dir='ltr'><strong>fiebat</strong></span> <span class='ocrx_word' id='word_1_314' title='bbox 2154 2547 2206 2596; x_wconf 83' lang='lat' dir='ltr'><strong>in</strong></span> <span class='ocrx_word' id='word_1_315' title='bbox 2244 2546 2458 2596; x_wconf 78' lang='lat' dir='ltr'><strong>multam</strong></span> 
     </span>
     <span class='ocr_line' id='line_1_58' title="bbox 1405 2622 2460 2690; baseline -0.019 0"><span class='ocrx_word' id='word_1_316' title='bbox 1405 2643 1612 2689; x_wconf 87' lang='lat' dir='ltr'><strong>noctem</strong></span> <span class='ocrx_word' id='word_1_317' title='bbox 1628 2650 1661 2684; x_wconf 76' lang='lat' dir='ltr'><strong>a</strong></span> <span class='ocrx_word' id='word_1_318' title='bbox 1676 2633 1867 2685; x_wconf 86' lang='lat' dir='ltr'><strong>Graeco</strong></span> <span class='ocrx_word' id='word_1_319' title='bbox 1886 2624 2128 2690; x_wconf 68' lang='grc' dir='ltr'><strong>κωμάζειν,</strong></span> <span class='ocrx_word' id='word_1_320' title='bbox 2152 2624 2234 2674; x_wconf 86' lang='lat' dir='ltr'><strong>‘in</strong></span> <span class='ocrx_word' id='word_1_321' title='bbox 2249 2622 2460 2672; x_wconf 86' lang='lat' dir='ltr'><strong>multam</strong></span> 
     </span>
     <span class='ocr_line' id='line_1_59' title="bbox 1404 2701 2459 2766; baseline -0.019 1"><span class='ocrx_word' id='word_1_322' title='bbox 1404 2722 1611 2766; x_wconf 76' lang='lat' dir='ltr'><strong>nostem</strong></span> <span class='ocrx_word' id='word_1_323' title='bbox 1646 2704 1944 2762; x_wconf 58' lang='lat' dir='ltr'><strong>convivari?</strong></span> <span class='ocrx_word' id='word_1_324' title='bbox 2010 2706 2129 2755; x_wconf 83' lang='lat' dir='ltr'><strong>Sive</strong></span> <span class='ocrx_word' id='word_1_325' title='bbox 2152 2702 2217 2752; x_wconf 83' lang='lat' dir='ltr'><strong>ad</strong></span> <span class='ocrx_word' id='word_1_326' title='bbox 2243 2701 2459 2750; x_wconf 87' lang='lat' dir='ltr'><strong>Comum</strong></span> 
     </span>
     <span class='ocr_line' id='line_1_60' title="bbox 1404 2779 2462 2842; baseline -0.018 0"><span class='ocrx_word' id='word_1_327' title='bbox 1404 2789 1629 2842; x_wconf 75' lang='lat' dir='ltr'><strong>lascisioe</strong></span> <span class='ocrx_word' id='word_1_328' title='bbox 1664 2795 1719 2837; x_wconf 91' lang='lat' dir='ltr'><strong>et</strong></span> <span class='ocrx_word' id='word_1_329' title='bbox 1752 2782 2101 2836; x_wconf 75' lang='lat' dir='ltr'><strong>conviviorum</strong></span> <span class='ocrx_word' id='word_1_330' title='bbox 2141 2779 2307 2828; x_wconf 84' lang='lat' dir='ltr'><strong>Deum</strong></span> <span class='ocrx_word' id='word_1_331' title='bbox 2345 2780 2462 2840; x_wconf 90' lang='lat' dir='ltr'><strong>post</strong></span> 
     </span>
     <span class='ocr_line' id='line_1_61' title="bbox 1406 2851 2462 2922; baseline -0.021 0"><span class='ocrx_word' id='word_1_332' title='bbox 1406 2882 1608 2922; x_wconf 82' lang='lat' dir='ltr'><strong>coenam</strong></span> <span class='ocrx_word' id='word_1_333' title='bbox 1637 2866 1723 2915; x_wconf 84' lang='lat' dir='ltr'><strong>ire</strong></span> <span class='ocrx_word' id='word_1_334' title='bbox 1760 2877 1876 2911; x_wconf 79' lang='lat' dir='ltr'><strong>cum</strong></span> <span class='ocrx_word' id='word_1_335' title='bbox 1922 2857 2141 2912; x_wconf 87' lang='lat' dir='ltr'><strong>corollis,</strong></span> <span class='ocrx_word' id='word_1_336' title='bbox 2184 2851 2462 2905; x_wconf 80' lang='lat' dir='ltr'><strong>conviviali</strong></span> 
     </span>
     <span class='ocr_line' id='line_1_62' title="bbox 1408 2928 2462 3007; baseline -0.022 -8"><span class='ocrx_word' id='word_1_337' title='bbox 1408 2954 1574 3007; x_wconf 79' lang='lat' dir='ltr'><strong>veste,</strong></span> <span class='ocrx_word' id='word_1_338' title='bbox 1605 2942 1866 2994; x_wconf 78' lang='lat' dir='ltr'><strong>funalibus</strong></span> <span class='ocrx_word' id='word_1_339' title='bbox 1900 2942 1957 2987; x_wconf 89' lang='lat' dir='ltr'><strong>et</strong></span> <span class='ocrx_word' id='word_1_340' title='bbox 1997 2931 2241 2984; x_wconf 85' lang='lat' dir='ltr'><strong>tibicinis.</strong></span> <span class='ocrx_word' id='word_1_341' title='bbox 2306 2928 2462 2978; x_wconf 87' lang='lat' dir='ltr'><strong>Unde</strong></span> 
     </span>
     <span class='ocr_line' id='line_1_63' title="bbox 1403 3008 2463 3081; baseline -0.02 -5"><span class='ocrx_word' id='word_1_342' title='bbox 1403 3021 1762 3076; x_wconf 75' lang='lat' dir='ltr'><strong>‘lasciviarum</strong></span> <span class='ocrx_word' id='word_1_343' title='bbox 1786 3010 2138 3081; x_wconf 84' lang='lat' dir='ltr'><strong>eruptionem&#39;</strong></span> <span class='ocrx_word' id='word_1_344' title='bbox 2162 3014 2315 3060; x_wconf 75' lang='lat' dir='ltr'><strong>vocat</strong></span> <span class='ocrx_word' id='word_1_345' title='bbox 2336 3008 2463 3056; x_wconf 86' lang='lat' dir='ltr'><strong>Ter·</strong></span> 
     </span>
     <span class='ocr_line' id='line_1_64' title="bbox 1406 3084 2465 3153; baseline -0.019 0"><span class='ocrx_word' id='word_1_346' title='bbox 1406 3103 1671 3153; x_wconf 80' lang='lat' dir='ltr'><strong>tullianus.</strong></span> <span class='ocrx_word' id='word_1_347' title='bbox 1736 3093 1871 3146; x_wconf 78' lang='lat' dir='ltr'><strong>Vide</strong></span> <span class='ocrx_word' id='word_1_348' title='bbox 1893 3089 2116 3143; x_wconf 78' lang='lat' dir='ltr'><strong>casaub.</strong></span> <span class='ocrx_word' id='word_1_349' title='bbox 2137 3088 2200 3138; x_wconf 86' lang='lat' dir='ltr'><strong>de</strong></span> <span class='ocrx_word' id='word_1_350' title='bbox 2220 3084 2465 3150; x_wconf 79' lang='lat' dir='ltr'><strong>satyrica</strong></span> 
     </span>
     <span class='ocr_line' id='line_1_65' title="bbox 1408 3167 2093 3245; baseline -0.02 -15"><span class='ocrx_word' id='word_1_351' title='bbox 1408 3178 1553 3245; x_wconf 71' lang='lat' dir='ltr'><strong>poiisi</strong></span> <span class='ocrx_word' id='word_1_352' title='bbox 1580 3176 1669 3226; x_wconf 83' lang='lat' dir='ltr'><strong>lib.</strong></span> <span class='ocrx_word' id='word_1_353' title='bbox 1692 3187 1732 3223; x_wconf 83' lang='lat'><strong>1.</strong></span> <span class='ocrx_word' id='word_1_354' title='bbox 1755 3186 1869 3236; x_wconf 80' lang='lat' dir='ltr'><strong>cap.</strong></span> <span class='ocrx_word' id='word_1_355' title='bbox 1885 3173 1935 3220; x_wconf 73' lang='lat'><strong>4.</strong></span> <span class='ocrx_word' id='word_1_356' title='bbox 1968 3167 2093 3217; x_wconf 82' lang='lat' dir='ltr'><strong>Duc.</strong></span> 
     </span>
    </p>
   </div>
   <div class='ocr_carea' id='block_1_11' title="bbox 1472 3238 2546 3312">
    <p class='ocr_par' dir='ltr' id='par_1_20' title="bbox 1472 3238 2546 3312">
     <span class='ocr_line' id='line_1_66' title="bbox 1472 3238 2546 3312; baseline -0.019 -6"><span class='ocrx_word' id='word_1_357' title='bbox 1472 3262 1499 3289; x_wconf 74' lang='lat'>⁸</span> <span class='ocrx_word' id='word_1_358' title='bbox 1543 3247 1843 3312; x_wconf 66' lang='lat' dir='ltr'><strong>Comici-les]</strong></span> <span class='ocrx_word' id='word_1_359' title='bbox 1874 3247 1993 3297; x_wconf 85' lang='lat' dir='ltr'><strong>Non</strong></span> <span class='ocrx_word' id='word_1_360' title='bbox 2024 3242 2257 3293; x_wconf 83' lang='lat' dir='ltr'><strong>omnibns</strong></span> <span class='ocrx_word' id='word_1_361' title='bbox 2282 3238 2463 3290; x_wconf 82' lang='lat' dir='ltr'><strong>diebus</strong></span> <span class='ocrx_word' id='word_1_362' title='bbox 2539 3245 2546 3252; x_wconf 69' lang='lat'>‘</span> 
     </span>
    </p>
   </div>
   <div class='ocr_carea' id='block_1_12' title="bbox 1407 3320 2473 4405">
    <p class='ocr_par' dir='ltr' id='par_1_21' title="bbox 1407 3320 2473 4405">
     <span class='ocr_line' id='line_1_67' title="bbox 1410 3320 2465 3386; baseline -0.021 -1"><span class='ocrx_word' id='word_1_363' title='bbox 1410 3329 1758 3386; x_wconf 75' lang='lat' dir='ltr'><strong>comitialibus</strong></span> <span class='ocrx_word' id='word_1_364' title='bbox 1817 3320 2225 3381; x_wconf 79' lang='lat' dir='ltr'><strong>conveniebant3</strong></span> <span class='ocrx_word' id='word_1_365' title='bbox 2293 3330 2465 3381; x_wconf 81' lang='lat' dir='ltr'><strong>neque</strong></span> 
     </span>
     <span class='ocr_line' id='line_1_68' title="bbox 1408 3398 2467 3476; baseline -0.021 -11"><span class='ocrx_word' id='word_1_366' title='bbox 1408 3424 1616 3476; x_wconf 84' lang='lat' dir='ltr'><strong>semper</strong></span> <span class='ocrx_word' id='word_1_367' title='bbox 1639 3408 1692 3457; x_wconf 90' lang='lat' dir='ltr'><strong>in</strong></span> <span class='ocrx_word' id='word_1_368' title='bbox 1714 3402 1960 3457; x_wconf 81' lang='lat' dir='ltr'><strong>comitio:</strong></span> <span class='ocrx_word' id='word_1_369' title='bbox 1983 3398 2270 3450; x_wconf 77' lang='lat' dir='ltr'><strong>comitiales</strong></span> <span class='ocrx_word' id='word_1_370' title='bbox 2295 3403 2467 3446; x_wconf 84' lang='lat' dir='ltr'><strong>tamen</strong></span> 
     </span>
     <span class='ocr_line' id='line_1_69' title="bbox 1410 3474 2471 3550; baseline -0.02 -8"><span class='ocrx_word' id='word_1_371' title='bbox 1410 3492 1524 3542; x_wconf 83' lang='lat' dir='ltr'><strong>dies</strong></span> <span class='ocrx_word' id='word_1_372' title='bbox 1546 3492 1686 3548; x_wconf 83' lang='lat' dir='ltr'><strong>sunt,</strong></span> <span class='ocrx_word' id='word_1_373' title='bbox 1705 3481 1890 3550; x_wconf 85' lang='lat' dir='ltr'><strong>quibus</strong></span> <span class='ocrx_word' id='word_1_374' title='bbox 1906 3477 2117 3531; x_wconf 83' lang='lat' dir='ltr'><strong>comitia</strong></span> <span class='ocrx_word' id='word_1_375' title='bbox 2133 3474 2306 3526; x_wconf 81' lang='lat' dir='ltr'><strong>baberi</strong></span> <span class='ocrx_word' id='word_1_376' title='bbox 2324 3478 2471 3538; x_wconf 81' lang='lat' dir='ltr'><strong>pote·</strong></span> 
     </span>
     <span class='ocr_line' id='line_1_70' title="bbox 1412 3561 1854 3622; baseline -0.023 -4"><span class='ocrx_word' id='word_1_377' title='bbox 1412 3575 1549 3619; x_wconf 86' lang='lat' dir='ltr'><strong>rant.</strong></span> <span class='ocrx_word' id='word_1_378' title='bbox 1581 3565 1703 3615; x_wconf 73' lang='lat' dir='ltr'><strong>Ant.</strong></span> <span class='ocrx_word' id='word_1_379' title='bbox 1722 3561 1854 3622; x_wconf 74' lang='lat' dir='ltr'><strong>Aug.</strong></span> 
     </span>
     <span class='ocr_line' id='line_1_71' title="bbox 1479 3628 2466 3700; baseline -0.02 -6"><span class='ocrx_word' id='word_1_380' title='bbox 1479 3639 1777 3700; x_wconf 77' lang='lat' dir='ltr'><strong>comitiales]</strong></span> <span class='ocrx_word' id='word_1_381' title='bbox 1811 3632 2116 3688; x_wconf 77' lang='lat' dir='ltr'><strong>comitiales</strong></span> <span class='ocrx_word' id='word_1_382' title='bbox 2138 3628 2355 3694; x_wconf 85' lang='lat' dir='ltr'><strong>opponit</strong></span> <span class='ocrx_word' id='word_1_383' title='bbox 2377 3639 2466 3676; x_wconf 86' lang='lat' dir='ltr'><strong>ne-</strong></span> 
     </span>
     <span class='ocr_line' id='line_1_72' title="bbox 1407 3703 2467 3775; baseline -0.023 0"><span class='ocrx_word' id='word_1_384' title='bbox 1407 3723 1555 3775; x_wconf 79' lang='lat' dir='ltr'><strong>fastis</strong></span> <span class='ocrx_word' id='word_1_385' title='bbox 1591 3722 1826 3770; x_wconf 78' lang='lat' dir='ltr'><strong>Plautus,</strong></span> <span class='ocrx_word' id='word_1_386' title='bbox 1846 3713 1948 3764; x_wconf 85' lang='lat' dir='ltr'><strong>illis</strong></span> <span class='ocrx_word' id='word_1_387' title='bbox 1962 3705 2284 3775; x_wconf 82' lang='lat' dir='ltr'><strong>jocularibus</strong></span> <span class='ocrx_word' id='word_1_388' title='bbox 2308 3703 2467 3755; x_wconf 84' lang='lat' dir='ltr'><strong>versi·</strong></span> 
     </span>
     <span class='ocr_line' id='line_1_73' title="bbox 1411 3781 2468 3859; baseline -0.026 -3"><span class='ocrx_word' id='word_1_389' title='bbox 1411 3806 1537 3857; x_wconf 83' lang='lat' dir='ltr'><strong>bus:</strong></span> <span class='ocrx_word' id='word_1_390' title='bbox 1570 3802 1586 3831; x_wconf 78' lang='lat'>⁶</span> <span class='ocrx_word' id='word_1_391' title='bbox 1614 3799 1733 3850; x_wconf 88' lang='lat' dir='ltr'><strong>Non</strong></span> <span class='ocrx_word' id='word_1_392' title='bbox 1757 3789 1978 3859; x_wconf 86' lang='lat' dir='ltr'><strong>potuisti</strong></span> <span class='ocrx_word' id='word_1_393' title='bbox 2012 3786 2271 3838; x_wconf 83' lang='lat' dir='ltr'><strong>adducere</strong></span> <span class='ocrx_word' id='word_1_394' title='bbox 2309 3781 2468 3832; x_wconf 84' lang='lat' dir='ltr'><strong>bomi-</strong></span> 
     </span>
     <span class='ocr_line' id='line_1_74' title="bbox 1409 3858 2467 3942; baseline -0.024 -9"><span class='ocrx_word' id='word_1_395' title='bbox 1409 3895 1503 3933; x_wconf 88' lang='lat' dir='ltr'><strong>nes</strong></span> <span class='ocrx_word' id='word_1_396' title='bbox 1527 3876 1687 3942; x_wconf 74' lang='lat' dir='ltr'><strong>magis</strong></span> <span class='ocrx_word' id='word_1_397' title='bbox 1700 3871 1766 3924; x_wconf 88' lang='lat' dir='ltr'><strong>ad</strong></span> <span class='ocrx_word' id='word_1_398' title='bbox 1789 3871 1918 3919; x_wconf 77' lang='lat' dir='ltr'><strong>lianc</strong></span> <span class='ocrx_word' id='word_1_399' title='bbox 1936 3879 2046 3915; x_wconf 87' lang='lat' dir='ltr'><strong>rem</strong></span> <span class='ocrx_word' id='word_1_400' title='bbox 2066 3862 2298 3912; x_wconf 83' lang='lat' dir='ltr'><strong>idoneos.</strong></span> <span class='ocrx_word' id='word_1_401' title='bbox 2330 3858 2467 3910; x_wconf 86' lang='lat' dir='ltr'><strong>Nam</strong></span> 
     </span>
     <span class='ocr_line' id='line_1_75' title="bbox 1410 3935 2468 4009; baseline -0.026 2"><span class='ocrx_word' id='word_1_402' title='bbox 1410 3961 1626 4009; x_wconf 86' lang='lat' dir='ltr'><strong>istorum</strong></span> <span class='ocrx_word' id='word_1_403' title='bbox 1661 3948 1833 4000; x_wconf 87' lang='lat' dir='ltr'><strong>nullus</strong></span> <span class='ocrx_word' id='word_1_404' title='bbox 1868 3939 2156 4001; x_wconf 81' lang='lat' dir='ltr'><strong>nefastu’st‚</strong></span> <span class='ocrx_word' id='word_1_405' title='bbox 2178 3935 2468 3988; x_wconf 79' lang='lat' dir='ltr'><strong>comitiales</strong></span> 
     </span>
     <span class='ocr_line' id='line_1_76' title="bbox 1411 4014 2469 4088; baseline -0.027 1"><span class='ocrx_word' id='word_1_406' title='bbox 1411 4040 1534 4088; x_wconf 88' lang='lat' dir='ltr'><strong>sunt</strong></span> <span class='ocrx_word' id='word_1_407' title='bbox 1555 4029 1702 4082; x_wconf 86' lang='lat' dir='ltr'><strong>meri.</strong></span> <span class='ocrx_word' id='word_1_408' title='bbox 1768 4023 1852 4073; x_wconf 89' lang='lat' dir='ltr'><strong>Ibi</strong></span> <span class='ocrx_word' id='word_1_409' title='bbox 1870 4019 2126 4079; x_wconf 79' lang='lat' dir='ltr'><strong>habitant,</strong></span> <span class='ocrx_word' id='word_1_410' title='bbox 2147 4014 2220 4065; x_wconf 86' lang='lat' dir='ltr'><strong>ibi</strong></span> <span class='ocrx_word' id='word_1_411' title='bbox 2238 4028 2324 4064; x_wconf 88' lang='lat' dir='ltr'><strong>eos</strong></span> <span class='ocrx_word' id='word_1_412' title='bbox 2349 4026 2469 4063; x_wconf 88' lang='lat' dir='ltr'><strong>con·</strong></span> 
     </span>
     <span class='ocr_line' id='line_1_77' title="bbox 1411 4086 2473 4179; baseline -0.028 -13"><span class='ocrx_word' id='word_1_413' title='bbox 1411 4111 1600 4179; x_wconf 81' lang='lat' dir='ltr'><strong>spicias</strong></span> <span class='ocrx_word' id='word_1_414' title='bbox 1655 4116 1807 4171; x_wconf 81' lang='lat' dir='ltr'><strong>quam</strong></span> <span class='ocrx_word' id='word_1_415' title='bbox 1884 4098 2171 4147; x_wconf 81' lang='lat' dir='ltr'><strong>Praetorem</strong></span> <span class='ocrx_word' id='word_1_416' title='bbox 2246 4086 2473 4156; x_wconf 67' lang='lat' dir='ltr'><strong>sepius!</strong></span> 
     </span>
     <span class='ocr_line' id='line_1_78' title="bbox 1410 4187 1669 4243; baseline -0.031 0"><span class='ocrx_word' id='word_1_417' title='bbox 1410 4194 1522 4243; x_wconf 66' lang='grc' dir='ltr'><strong>δυο.</strong></span> <span class='ocrx_word' id='word_1_418' title='bbox 1542 4187 1669 4238; x_wconf 68' lang='lat' dir='ltr'><strong>sont.</strong></span> 
     </span>
     <span class='ocr_line' id='line_1_79' title="bbox 1434 4243 2471 4321; baseline -0.029 0"><span class='ocrx_word' id='word_1_419' title='bbox 1434 4296 1440 4303; x_wconf 90' lang='lat'><strong>·</strong></span> <span class='ocrx_word' id='word_1_420' title='bbox 1482 4262 1759 4318; x_wconf 68' lang='lat' dir='ltr'><strong>comitiales</strong></span> <span class='ocrx_word' id='word_1_421' title='bbox 1776 4256 1898 4321; x_wconf 80' lang='lat' dir='ltr'><strong>dies]</strong></span> <span class='ocrx_word' id='word_1_422' title='bbox 1919 4255 2037 4306; x_wconf 83' lang='lat' dir='ltr'><strong>Quo</strong></span> <span class='ocrx_word' id='word_1_423' title='bbox 2048 4249 2316 4300; x_wconf 73' lang='lat' dir='ltr'><strong>universus</strong></span> <span class='ocrx_word' id='word_1_424' title='bbox 2335 4243 2471 4305; x_wconf 84' lang='lat' dir='ltr'><strong>Pop.</strong></span> 
     </span>
     <span class='ocr_line' id='line_1_80' title="bbox 1414 4320 2468 4405; baseline -0.031 -3"><span class='ocrx_word' id='word_1_425' title='bbox 1414 4350 1570 4400; x_wconf 84' lang='lat' dir='ltr'><strong>Rom.</strong></span> <span class='ocrx_word' id='word_1_426' title='bbox 1589 4343 1697 4395; x_wconf 76' lang='lat' dir='ltr'><strong>sive</strong></span> <span class='ocrx_word' id='word_1_427' title='bbox 1730 4352 1849 4405; x_wconf 88' lang='lat' dir='ltr'><strong>pars</strong></span> <span class='ocrx_word' id='word_1_428' title='bbox 1883 4333 2022 4385; x_wconf 87' lang='lat' dir='ltr'><strong>illius</strong></span> <span class='ocrx_word' id='word_1_429' title='bbox 2047 4326 2288 4388; x_wconf 80' lang='lat' dir='ltr'><strong>muims,</strong></span> <span class='ocrx_word' id='word_1_430' title='bbox 2308 4320 2468 4373; x_wconf 70' lang='lat' dir='ltr'><strong>eomi-</strong></span> 
     </span>
    </p>
   </div>
  </div>
 </body>
</html>
