3020 4853
582 342 715 410 666

1271 360 1499 410 88ΧΊἿ
1552 364 1861 414 ΡΟΜΡΒΙΙ
1913 367 2122 416 Ε’ΒῧἸΊ

669 507 956 589 pomerii
983 505 1384 590 proferendi,
1414 507 1527 593 qui
1566 509 1871 594 populum
1914 510 2274 577 Romanum
2331 535 2496 601 agro
2549 515 2627 578 de
2657 513 2780 578 hos·

671 607 855 672 tibus
890 618 1070 694 capto
1111 622 1463 675 auxerunt:
1532 612 2028 699 antiquissimum
2088 612 2355 681 Romuli
2413 638 2778 703 pom

673 709 967 776 Palatini
1018 713 1239 778 montis
1292 714 1604 779 radicibus
1661 717 2158 783 teminobatur:
2221 720 2512 804 pertulit
2551 719 2626 784 id
2657 718 2781 783 Ser.

676 812 921 880 Tullius
952 837 1077 881 rex.
1168 815 1329 882 Item
1361 814 1446 885 L.
1482 816 1805 884 Cornelius
1852 819 2037 908 Sylla
2064 821 2341 887 dictator
2369 824 2690 900 imitatus,
2721 834 2778 885 at

666 914 937 996 videtur,
974 916 1248 983 Tullium
1276 918 1510 1007 Regem
1527 921 1815 1009 proferre
1845 926 2195 1010 temptavit.
2264 925 2394 1011 8511
2407 927 2778 1012 pomarium

1571 1150 1620 1199 N
1625 1149 1784 1200 0⁰1·AE

584 1288 666 1330 tra
685 1295 861 1346 agrum
896 1280 1128 1339 effatum,
1169 1298 1261 1347 per
1298 1284 1457 1334 totius
1490 1282 1634 1332 urbis

582 1356 851 1407 circuitum
902 1373 1035 1423 pone
1100 1375 1269 1410 muros
1335 1361 1633 1424 regionibus

582 1434 742 1483 certis
764 1434 1156 1497 determinatus,
1193 1438 1280 1501 qni
1317 1434 1446 1487 facit
1480 1436 1633 1487 finem

580 1513 764 1563 urbani
836 1513 1068 1576 auspicii.
1159 1513 1350 1578 Agrum
1420 1511 1634 1564 effatum

580 1589 720 1639 intra
750 1590 939 1640 moenia
988 1589 1147 1640 foisse
1213 1601 1390 1642 notum
1435 1599 1538 1651 est,
1578 1600 1634 1642 at

580 1665 720 1716 intra
773 1676 889 1716 eum
941 1666 1041 1717 fuit
1106 1669 1423 1733 pomerium,
1475 1670 1633 1719 immo

582 1741 740 1792 etiam
784 1750 841 1793 et
883 1745 1185 1807 pomoeriurn
1237 1744 1393 1795 tinem
1443 1745 1632 1796 urbani

582 1818 805 1884 auspicii
861 1817 1107 1871 faciebat.
1193 1821 1288 1872 Ait
1338 1824 1526 1874 Festus
1569 1838 1637 1873 ex

582 1895 803 1956 Catone,
879 1896 1116 1962 antiquos
1188 1904 1342 1949 extra
1419 1900 1639 1951 Aventi-

581 1986 701 2022 num
741 1974 1001 2038 auspicari
1036 1976 1215 2026 solitos
1264 1975 1447 2040 fnisse,
1490 1985 1636 2043 post·

580 2064 645 2099 ea
698 2050 836 2100 intra
882 2051 1121 2103 edificia.
1209 2052 1377 2105 Extra
1417 2055 1637 2107 Aventi-

580 2140 701 2175 num
725 2127 1132 2192 auspicabantur
1151 2137 1274 2182 ante
1301 2131 1518 2182 Romam
1540 2134 1637 2182 scl-

578 2202 704 2252 licet
742 2204 998 2255 conditam
1030 2214 1085 2256 et
1118 2209 1414 2271 pomoerium
1459 2223 1637 2259 conse-

577 2289 798 2342 cratum,
819 2279 1048 2332 effatum.
1110 2284 1213 2333 Sed
1249 2292 1429 2348 postea
1457 2299 1637 2335 conse-

579 2366 726 2406 crato
748 2360 1013 2422 pomoerio,
1037 2361 1177 2409 intra
1200 2359 1437 2421 edificia,
1455 2360 1507 2410 id
1532 2369 1635 2424 est,

579 2433 719 2484 intra
740 2435 938 2491 urbem.
975 2439 1293 2501 pomoerium.
1360 2438 1538 2505 Atque
1560 2440 1638 2489 ita

578 2512 791 2563 Catonis
836 2513 1004 2564 locum
1039 2515 1429 2579 intelligendum
1484 2530 1635 2567 nemo

578 2603 684 2639 non
712 2590 870 2641 videt.
938 2591 1099 2642 Addit
1145 2594 1332 2643 Festus
1367 2594 1633 2660 antiquum

579 2670 882 2730 pomoerinm
905 2669 1130 2721 Palatini
1163 2673 1351 2722 montis
1376 2673 1636 2724 radicibus

579 2745 928 2811 terminatum,
966 2749 1048 2797 cni
1089 2747 1384 2798 adsentiens
1423 2750 1636 2800 Tacitus

579 2821 687 2871 ait:
721 2823 910 2872 ‘certis
936 2823 1124 2887 spaciis
1157 2839 1187 2874 a
1224 2824 1441 2876 Romulo
1475 2827 1638 2876 inter-

570 2897 747 2961 jectos
766 2897 925 2950 fuisse
949 2901 1150 2965 lapides
1184 2916 1280 2966 per
1311 2903 1414 2952 ima
1444 2905 1636 2954 montis

580 2973 852 3040 Palatinl,’
887 2978 1092 3029 scilicet
1113 2978 1375 3043 lapidibus
1398 2980 1507 3029 istis
1535 2980 1638 3030 Ro-

578 3050 743 3099 mulus
787 3052 901 3102 vice
932 3066 1193 3104 murorum
1230 3069 1370 3113 usus.
1402 3063 1462 3105 ut
1497 3055 1638 3107 intra

580 3140 671 3176 eos
701 3130 1067 3180 terminaretur
1099 3134 1427 3197 pomoeriurn,
1466 3142 1521 3184 et
1564 3135 1638 3185 ita

578 3204 732 3253 etiam
777 3206 896 3255 olim
935 3206 1126 3270 fiebat3
1179 3208 1453 3274 designato
1486 3225 1635 3262 muro

575 3281 940 3332 statuebantur
975 3284 1115 3349 cippi
1163 3285 1245 3335 vel
1289 3285 1493 3350 lapides
1548 3283 1635 3353 qui

576 3360 823 3422 pomoerio
847 3368 901 3409 et
925 3361 1162 3425 auspiciis
1197 3360 1434 3413 facerent
1458 3363 1634 3416 finem.

573 3436 800 3501 subjicit
842 3437 1047 3489 tandem
1088 3439 1274 3489 Festus
1309 3441 1374 3490 iis
1429 3449 1630 3492 tantum

578 3511 875 3576 proferendi
917 3516 1149 3577 pomoerii
1179 3517 1268 3580 jus
1306 3516 1503 3582 datum,
1543 3521 1632 3585 qui

575 3592 823 3654 populum
888 3592 1039 3642 Rom.
1102 3607 1229 3656 agro
1279 3593 1346 3644 de
1401 3594 1633 3647 hostibus

573 3675 732 3730 capto
765 3666 1076 3718 ditaverant.
1151 3667 1315 3733 Atqui
1353 3671 1478 3720 nihil
1525 3674 1631 3723 tale

573 3757 801 3808 unquam
833 3744 900 3793 de
920 3744 1079 3794 muris
1101 3753 1312 3796 cautum
1334 3745 1497 3796 fuisse
1520 3762 1631 3798 cer·

578 3827 684 3869 tam
722 3829 818 3877 est,
848 3828 903 3871 et
939 3822 1104 3871 cuivis
1138 3836 1309 3871 muros
1347 3824 1629 3888 ampliandi

571 3896 730 3947 fuisse
784 3911 992 3963 semper
1064 3905 1375 3962 potestatem
1430 3899 1629 3952 datam.

574 3974 828 4036 Ampliari
874 3975 1030 4037 igitur
1067 3982 1307 4038 poterant
1356 3977 1488 4025 muri
1528 3991 1628 4027 non

574 4048 820 4112 ampliato
854 4051 1118 4112 pomoerio.
1180 4051 1269 4101 Ita
1325 4059 1430 4101 est:
1488 4051 1629 4103 Audi

572 4124 807 4175 Flavium
845 4125 1127 4188 Vopiscum
1181 4125 1250 4176 de
1309 4125 1623 4180 Aurelianos

572 4198 710 4250 ‘His
754 4199 919 4262 actis‚'
983 4200 1167 4266 inquit,
1219 4202 1362 4253 ‘cum
1423 4206 1630 4256 videret

573 4288 725 4340 posse
765 4275 898 4340 fleri,
936 4284 995 4327 ut
1047 4277 1238 4343 aliquid
1283 4280 1389 4331 tale
1424 4280 1631 4345 iterum,

1716 1285 1869 1348 quale
1892 1284 1988 1334 sub
2011 1284 2256 1335 Gallieno
2287 1288 2573 1342 evenerat,
2611 1295 2783 1345 prove-

1715 1361 1867 1416 niret,
1888 1360 2116 1410 adhibito
2132 1359 2346 1410 consilio
2365 1359 2601 1408 Senatus
2620 1371 2783 1405 inuras

1716 1437 1858 1486 urbis
1901 1437 2076 1488 Romo
2116 1435 2381 1486 dilatavit.
2454 1435 2579 1485 Nee
2616 1442 2782 1482 tanea

1716 1514 1962 1578 pomoerio
2000 1511 2203 1563 addidit
2257 1526 2323 1561 eo
2387 1519 2664 1575 tempore.
2699 1509 2781 1559 aad

1716 1598 1912 1654 postea.
1948 1589 2205 1640 Pomoerio
2223 1597 2400 1637 antem
2425 1588 2638 1637 nemini
2658 1587 2784 1651 prin*

1712 1667 1885 1731 cipum
1910 1667 2036 1718 lieet
2053 1665 2264 1723 addere.
2304 1665 2405 1714 nisi
2430 1665 2506 1726 ei,
2544 1664 2641 1731 qui
2679 1663 2780 1727 agri

1712 1744 1983 1794 Barbarici
2036 1744 2209 1809 aliqua
2279 1751 2437 1806 parte
2505 1742 2780 1791 Rouana·

1711 1836 1874 1887 remp.
1896 1819 2312 1885 locupletaverit.
2358 1818 2598 1868 Addidit
2615 1827 2780 1867 autera

1711 1899 1991 1961 Animatus,
2036 1897 2237 1947 addidit
2297 1896 2591 1958 Traianus,
2644 1894 2780 1942 addi-

1710 1975 1789 2027 dit
1815 1978 1955 2027 Nero
1971 1975 2064 2025 sub
2089 1988 2192 2039 quo
2215 1973 2422 2023 Pontus
2447 1970 2780 2021 Polemonia·

1708 2068 1816 2109 cus,
1839 2060 1895 2103 et
1927 2052 2090 2116 Alpes
2107 2050 2298 2102 Cottio
2322 2050 2572 2099 Romano
2591 2047 2776 2096 nomini

1711 2129 1956 2179 tributae.²
2020 2126 2179 2176 Vides
2216 2125 2565 2175 Aurelianum
2613 2138 2778 2174 muros

1710 2208 2002 2270 ampliasse,
2022 2218 2121 2254 non
2143 2201 2397 2265 promotis
2414 2202 2660 2266 pomerii
2682 2208 2776 2248 ter·

1709 2283 1879 2337 minis,
1902 2281 2056 2347 idque
2077 2279 2203 2329 satis
2240 2278 2445 2327 evincit
2478 2278 2625 2326 ints-a
2663 2291 2776 2324 me·

1709 2360 1814 2423 nia,
1859 2373 1996 2423 pone
2037 2370 2210 2406 muros
2251 2354 2565 2418 pomerium
2605 2353 2774 2401 faisse.

1712 2439 1846 2488 Nam
1867 2437 2074 2502 alioqui,
2084 2436 2126 2484 si
2144 2442 2264 2484 aute
2282 2447 2461 2483 muros
2473 2432 2773 2497 pontesiam

1709 2513 1911 2571 fuisset,
1926 2514 2012 2579 qui
2036 2512 2288 2578 potuisset
2314 2510 2647 2560 Aurelianus
2665 2521 2770 2557 na·

1711 2607 1795 2643 ros
1832 2590 2096 2642 dilatando
2123 2588 2352 2654 pomoerii
2390 2588 2652 2637 terminos
2688 2601 2774 2636 sao

1710 2671 1828 2720 loco
1849 2664 2170 2732 relinquere?
2215 2665 2293 2714 his
2334 2662 2477 2713 addo
2507 2677 2578 2712 ex
2621 2664 2776 2711 Iaelia

1712 2745 1883 2796 Felice
1917 2743 2054 2809 apud
2093 2742 2234 2794 Geli.
2265 2741 2359 2790 lib.
2397 2752 2497 2789 xv.
2535 2753 2663 2802 cup.
2699 2743 2776 2788 n.

1710 2822 2001 2873 centuriata
2034 2817 2245 2870 comitia
2284 2817 2423 2866 intra
2468 2815 2776 2880 pomeriu-

1710 2898 1823 2949 fieri
1849 2896 1990 2948 nefas
2013 2910 2147 2951 esse,
2164 2894 2285 2959 quia
2304 2893 2608 2942 exereitum
2633 2898 2777 2942 exus

1712 2975 1892 3026 urbem
1938 2971 2179 3038 imperari
2207 2976 2474 3034 oporteat,
2509 2970 2661 3018 intra
2701 2982 2778 3017 ar·

1710 3052 1828 3103 beni
1850 3053 2108 3115 imperare
2115 3062 2207 3113 Jus
2228 3061 2332 3096 non
2347 3046 2454 3095 sit·
2491 3054 2777 3110 propterea

1710 3128 2006 3179 centuriata
2042 3126 2093 3175 in
2116 3125 2315 3187 Campo
2352 3121 2560 3171 Martio
2582 3122 2779 3171 haberi.

1709 3205 1887 3269 Atque
1941 3204 2054 3261 haec
2105 3199 2174 3250 de
2228 3200 2465 3250 Romano
2527 3199 2779 3262 pomerio

1712 3281 1846 3347 quod
1889 3280 2012 3329 viris
2039 3277 2208 3327 doctis
2253 3276 2381 3325 satis
2405 3275 2674 3324 haetenus
2707 3277 2778 3338 ig·

1709 3365 1967 3419 notatum,
2005 3355 2140 3405 inter
2178 3366 2306 3417 quoa
2349 3350 2522 3413 fuere,
2557 3352 2656 3415 qni
2695 3366 2776 3399 aa·

1709 3434 1893 3485 dacter
1942 3429 2256 3482 affirmarent
2310 3428 2590 3493 antiquum
2657 3427 2777 3476 illud

1713 3510 2014 3575 pomoerium
2037 3514 2186 3556 extra
2203 3503 2386 3555 urbem
2398 3503 2589 3555 fuisse.
2659 3506 2783 3564 Οὐ,

1713 3588 1756 3637 si
1789 3588 1851 3636 iis
1887 3584 2177 3649 Augurum,
2212 3581 2485 3646 Varronis,
2525 3582 2778 3643 Pon-ds,

1710 3672 1767 3714 et
1791 3660 2056 3712 Plutarchi
2081 3658 2256 3722 verba,
2276 3672 2310 3707 a
2333 3671 2422 3707 me
2441 3660 2698 3723 superius
2712 3660 2775 3707 al-

1710 3742 1817 3791 lata
1855 3749 1909 3790 et
1949 3738 2225 3803 explicata,
2278 3734 2454 3785 minus
2494 3745 2776 3800 perspecta

1710 3825 1846 3881 aunt,
1871 3817 2055 3867 vellem
2094 3811 2333 3878 equidem
2358 3810 2443 3860 vel
2471 3812 2642 3861 sulm
2676 3812 2771 3861 vi-

1712 3895 1851 3944 vocis
1876 3889 2108 3957 pomoerii
2131 3887 2315 3938 sedulo
2349 3888 2772 3951 perpendissent,

1710 3978 1863 4036 atque
1903 3969 1976 4018 ita
1997 3980 2154 4029 nune,
2189 3966 2231 4014 si
2271 3977 2392 4014 curn
2433 3964 2588 4014 Livio
2627 3966 2770 4015 ades·

1709 4055 1845 4110 seut,
1888 4042 2262 4108 responderent
2307 4039 2377 4090 de
2413 4042 2659 4091 exereit-
2681 4041 2766 4092 eb-

1704 4123 1901 4178 sidione
1960 4120 2141 4170 urbem
2207 4118 2476 4182 cingente,
2524 4117 2766 4184 nunquid

1704 4203 1795 4253 ille
1852 4204 1970 4264 post
2011 4208 2210 4246 murum
2250 4192 2436 4244 sedere
2481 4194 2759 4247 videretur.

1710 4281 1872 4333 Certo
1894 4289 1987 4327 suo
2007 4274 2161 4325 aliter
2183 4271 2587 4346 pronuntiarent
2617 4270 2757 4321 acab
