3020 4853
552 376 681 440 400

1230 390 1452 440 SEXTl
1508 391 1806 440 POMPEI!
1861 391 2068 442 Fsss'rt

556 538 921 613 Matralia,‘¹
958 535 1194 599 Matris
1229 534 1515 602 Matutae
1545 537 1738 601 festa.

556 641 825 705 Matrici
845 647 875 686 4
898 648 915 675 ¹
963 640 1510 719 cognominantur
1541 640 1843 706 homines
1875 643 2202 707 malarum
2234 660 2615 724 magnarum
2646 647 2731 705 at-

640 762 769 826 que
802 743 1026 805 oribus
1056 743 1187 805 late
1219 744 1630 826 patentibus.

554 844 928 920 MatrimeS,
991 863 1073 908 ac
1118 846 1482 928 patrimes⁸
1541 846 1877 924 dicuntur,
1922 847 2169 930 quibus
2219 852 2464 911 matres
2507 855 2575 911 et
2624 867 2728 932 pa·

640 955 770 1011 tres
817 947 1037 1012 adhuc
1078 948 1330 1015 vivunt.

555 1050 922 1115 Matronae
966 1070 1008 1114 a
1037 1052 1533 1135 magistratibus
1562 1072 1696 1117 non
1727 1053 2313 1125 submovebantur,
2358 1073 2445 1118 ne
2475 1053 2729 1138 pulsari,

1462 1216 1822 1237 eeeeeeeee

615 1322 647 1367 ⁴
681 1317 828 1368 vett.
852 1317 973 1368 edd.
999 1318 1193 1368 Muttini
1220 1318 1298 1368 vel
1323 1319 1541 1370 Martici.
1607 1319 1741 1369 Vide
1765 1319 1859 1370 inf.

1538 1482 1756 1534 NOTAE

548 1595 591 1644 si
632 1595 833 1645 ‘mater
869 1595 1070 1658 altera‚’
1110 1605 1166 1647 ut
1200 1607 1351 1663 putat
1375 1599 1603 1662 Panlns3

546 1679 628 1722 est
652 1673 788 1722 enim
822 1689 853 1723 a
886 1680 1037 1724 mtre
1063 1683 1282 1740 tantum,
1315 1678 1388 1727 ita
1425 1685 1481 1727 ut
1500 1683 1606 1728 tera

544 1751 615 1801 sit
636 1753 779 1801 vocis
804 1752 1092 1815 productio.
1127 1754 1282 1805 Idem.

611 1836 637 1869 (ι
671 1825 929 1889 Matralia]
952 1828 1133 1877 Tertio
1152 1828 1234 1879 Id.
1256 1830 1396 1881 Junii
1416 1850 1429 1881 ε
1465 1834 1481 1862 ‘
1501 1834 1604 1897 Ite,

546 1903 693 1954 bonae
714 1912 919 1968 matres,
942 1903 1196 1968 (vestrum
1233 1908 1460 1958 matralia
1486 1911 1607 1960 Fes-

546 1981 706 2044 tum,)
727 1983 982 2045 Flavaque
1002 1981 1259 2032 Thebanae
1285 1985 1486 2035 reddite
1503 1986 1604 2037 liba

438 2045 455 2058 ‘
547 2058 714 2108 neae:
781 2058 939 2107 ond.
982 2072 1063 2108 vx.
1101 2060 1236 2111 Fan.
1283 2063 1503 2112 Mutum
1545 2066 1603 2115 u.

542 2133 664 2183 bum
719 2134 927 2198 proprie
976 2133 1266 2185 Testuatium
1320 2139 1605 2191 dicebatur.

543 2210 695 2261 Varr.
729 2210 818 2260 lib.
842 2225 921 2260 lv.
955 2217 970 2240 ‘
992 2211 1337 2276 Testuatium,
1373 2216 1509 2280 qnod
1549 2219 1601 2267 iu

542 2292 681 2335 testa
695 2287 847 2337 calda
862 2286 1199 2352 coquebatur,
1214 2298 1271 2340 ut
1286 2291 1442 2341 etiam
1464 2309 1602 2346 nune

542 2362 839 2413 matralibus
860 2362 910 2411 id
934 2362 1130 2413 faciunt
1144 2367 1433 2418 matronae?
1450 2370 1602 2421 Idem.

607 2447 628 2473 ¹
657 2442 884 2505 Matr-ici]
922 2443 1255 2506 Explicatum
1293 2459 1321 2493 a
1358 2448 1505 2496 nobis
1549 2450 1600 2499 iu

541 2517 921 2582 Conjeetaneis.
955 2521 1062 2569 Jos.
1086 2519 1213 2570 διαί.

606 2597 832 2660 Matr-ici]
873 2599 1007 2661 Lege
1027 2600 1229 2649 manici.
1295 2601 1495 2652 Martie-1·
1517 2618 1604 2654 au·

540 2679 646 2721 tem
665 2672 891 2722 homines
909 2689 1206 2737 magnarum
1228 2680 1478 2729 malarum
1501 2697 1604 2731 non

539 2751 685 2814 quasi
708 2752 960 2814 malattici,
981 2753 1072 2802 sed
1097 2753 1218 2817 quia
1237 2755 1417 2815 ματύας
1441 2758 1605 2808 Vete-

541 2841 621 2875 res
668 2829 903 2878 maxillas
947 2830 1233 2893 vocabant3
1271 2832 1410 2883 uude
1444 2836 1603 2886 etiam

535 2904 772 2966 ’γνάθωνες
794 2907 845 2955 in
870 2907 1142 2972 comoedia,
1168 2910 1350 2972 gulosi.
1387 2911 1514 2961 Dac-

602 2990 621 3014 ⁸
655 2983 907 3031 Matrimes
945 2998 1000 3031 ac
1033 2985 1283 3048 palrimes]
1344 2989 1605 3040 Matrimes

538 3073 599 3106 ac
629 3062 858 3121 plurimes
880 3073 1137 3110 sactorum
1177 3059 1369 3126 lingna,
1394 3082 1486 3130 pro
1516 3083 1602 3131 pa-

537 3134 672 3183 trimi
695 3150 756 3183 ae
781 3136 1010 3185 matrimi.
1078 3138 1165 3188 Sic
1190 3142 1326 3203 apud
1353 3143 1600 3193 Plautum

507 3259 511 3263 ,
536 3211 558 3240 ‘
580 3211 725 3273 porei
750 3225 944 3272 sacres,
946 3211 961 3233 ’
986 3227 1081 3276 pro
1099 3215 1114 3242 ‘
1136 3218 1301 3265 sacri.
1291 3217 1323 3245 ·’
1358 3221 1432 3270 sic
1456 3221 1471 3249 ‘
1492 3237 1598 3272 ma·

533 3284 658 3334 nes’
683 3288 815 3349 pro‘
834 3288 989 3350 mani,
992 3288 1117 3340 ’ἀμ’
1184 3293 1415 3345 Matrimi
1440 3299 1601 3361 patri·

532 3361 604 3410 mi
629 3372 821 3427 autem,
844 3365 929 3414 vel
951 3368 1171 3417 matrimi
1207 3378 1262 3419 et
1287 3374 1492 3435 patrimi
1519 3375 1595 3423 di-

528 3432 802 3503 cebantur,
837 3442 1022 3508 quibus
1057 3444 1277 3511 uterque
1304 3464 1487 3512 parens
1513 3467 1595 3501 su-

531 3521 733 3577 perstes
756 3525 885 3575 erat,
910 3520 1111 3570 Graecis
1135 3524 1432 3586 ἀμφιθαλεῖς.
1450 3529 1595 3578 Con-

532 3597 614 3641 tra
634 3592 820 3657 qulbus
857 3596 987 3646 alter
1009 3605 1211 3648 tantum
1255 3616 1440 3663 parens
1463 3613 1596 3668 erat,

528 3672 757 3726 matrim&
789 3673 829 3721 si
868 3684 1051 3735 mater,
1078 3677 1297 3738 patrimi,
1338 3679 1381 3727 si
1426 3689 1593 3744 pater.

529 3745 606 3794 Ut
628 3747 765 3810 apud
787 3749 978 3799 Catull.
1016 3751 1032 3779 ‘
1048 3753 1268 3815 patrima
1290 3755 1473 3819 virgo,'
1492 3759 1594 3806 Mi-

528 3834 707 3886 nerva,
746 3840 862 3888 quae
900 3826 1087 3878 Jovern
1126 3837 1345 3895 tantum,
1391 3841 1592 3896 patrem

530 3906 587 3949 et
610 3908 826 3953 matrem
862 3905 983 3956 ciet.
1050 3907 1251 3958 Graecis
1285 3911 1591 3973 ἑτεροθαλεῖς.

528 3977 617 4026 sic
664 3989 817 4042 pater
868 3985 1121 4044 patrimus
1168 3985 1458 4052 dicebatur,
1504 3992 1593 4055 qui

527 4061 681 4115 pater
702 4066 816 4107 erat
839 4068 893 4107 et
913 4066 1114 4122 patrem
1136 4062 1377 4116 babebat.
1445 4066 1593 4116 Infra

526 4128 730 4181 Festus.
753 4134 907 4183 Idem.

591 4213 607 4241 ¹
641 4212 906 4279 Matronoe]
945 4219 1024 4267 Ex
1052 4219 1130 4269 his
1154 4222 1346 4285 verbis,
1362 4238 1485 4287 quae
1513 4239 1592 4273 se·

531 4290 755 4344 quantur
794 4290 938 4339 Festi
976 4294 1137 4344 verba
1171 4304 1418 4360 poterunt
1448 4308 1592 4350 recte

1686 1598 1960 1650 conscribi.
2028 1599 2096 1650 Et
2136 1598 2416 1650 videndum
2443 1606 2543 1662 est,
2578 1614 2641 1649 an
2675 1598 2733 1648 ad

1673 1674 1796 1725 ‘baee
1820 1677 2139 1740 pertineant,
2157 1692 2273 1743 quae
2297 1677 2363 1727 de
2384 1676 2583 1726 Vestali
2598 1676 2738 1726 Clan-

1685 1751 1771 1802 dia
1829 1754 2135 1817 produntur.
2180 1768 2295 1820 quae
2353 1759 2556 1818 patrem
2609 1766 2738 1802 eon-

1685 1832 1841 1896 plexa
1863 1833 1927 1884 de
1950 1849 2106 1884 curru
2142 1848 2198 1884 se
2234 1833 2438 1884 detrahi
2465 1846 2615 1896 passa
2646 1846 2740 1880 noa

1688 1918 1786 1959 est.
1829 1911 2014 1962 Cicero
2037 1928 2132 1978 pro
2164 1912 2345 1963 Coelio.
2398 1909 2577 1961 Valet.
2603 1911 2740 1959 Max.

1685 1986 1777 2038 lib.
1807 2002 1858 2038 ν.
1883 2004 1999 2054 cap.
2019 1994 2069 2039 4.
2117 1990 2264 2041 Suet.
2299 1989 2352 2039 in
2383 1987 2597 2038 Tiberio
2632 2001 2741 2052 cap.

1687 2068 1767 2116 11.
1800 2066 1923 2116 Ant.
1948 2067 2078 2130 Aug.

1750 2143 2015 2208 Matronae]
2064 2146 2307 2195 Matrona
2326 2160 2358 2193 a
2385 2141 2743 2204 magistratibus

1684 2234 1778 2270 aon
1799 2221 2220 2283 summotebantur,
2241 2236 2299 2271 ne
2317 2219 2523 2284 palem-i,
2544 2224 2740 2268 ωηο-α·

1684 2297 1838 2346 ἐπίοι
1859 2298 2151 2354 viderentur,
2188 2314 2300 2348 neve
2329 2297 2550 2360 maida
2584 2311 2742 2345 eanu-

1683 2378 1920 2424 tereatur:
1938 2392 2089 2442 qnam
2114 2377 2248 2428 enim
2274 2377 2494 2442 primam
2518 2376 2614 2424 hoc
2629 2375 2741 2439 jure

1682 2467 1825 2503 usam
1851 2456 1924 2505 ait
1958 2457 2192 2514 Verrius.
2226 2472 2340 2507 eam
2364 2456 2556 2506 ceteris
2577 2468 2741 2504 exem-

1683 2530 1823 2593 plum
1848 2532 2085 2583 dedisse:
2121 2533 2271 2599 adeo,
2307 2540 2366 2582 ut
2389 2546 2488 2581 nec
2513 2546 2630 2581 cum
2657 2543 2740 2577 nx·

1682 2608 1860 2657 oribus
1889 2610 2149 2672 adessent,
2207 2625 2308 2677 quo
2344 2606 2739 2669 descenderent,

1681 2687 1798 2747 cogi
1819 2688 1953 2737 viros
1970 2703 2001 2737 a
2018 2687 2402 2751 magistratibus
2423 2704 2436 2734 :
2454 2684 2593 2751 qnod
2609 2698 2740 2733 com·

1682 2764 1822 2813 muni
1866 2765 2100 2816 vehiculo
2142 2765 2350 2815 vehitur
2393 2763 2473 2811 vir
2511 2766 2566 2810 et
2604 2773 2742 2808 uxur-

1682 2839 1861 2889 Media
1906 2842 1949 2891 si
1996 2857 2099 2891 non
2143 2843 2351 2907 penitus
2403 2839 2532 2905 ipsis
2575 2836 2740 2887 verbis

1682 2914 1827 2964 Festi
1874 2925 2312 2983 conceptasunt,
2370 2925 2428 2967 at
2472 2915 2658 2965 saltem
2711 2928 2740 2961 a

1682 2995 1946 3044 sementia
1964 3009 2025 3044 ac
2052 3002 2223 3044 mente
2245 2994 2388 3043 Festi
2415 2993 2632 3058 propius
2656 2990 2740 3039 ab·

1682 3079 1818 3121 sunt.
1853 3072 1932 3122 De
1956 3074 2179 3138 Vestali,
2199 3073 2338 3138 quod
2363 3077 2580 3121 monent
2602 3068 2736 3118 docti

1683 3146 1797 3211 viri,
1842 3149 1896 3198 id
1946 3165 2068 3199 vero
2111 3151 2406 3213 exemplum
2448 3149 2620 3197 locum
2661 3144 2739 3194 bie

1681 3237 1781 3273 non
1806 3224 1978 3277 habet.
2046 3228 2183 3277 Nam
2207 3234 2264 3275 et
2285 3225 2531 3275 Vestales
2557 3229 2738 3271 matro-

1681 3314 1762 3350 ηε
1786 3317 1887 3351 nou
1911 3312 2093 3354 eraut:
2132 3312 2186 3354 et
2214 3302 2350 3369 quod
2374 3310 2551 3351 essent
2573 3298 2737 3348 &virs-

1678 3387 1778 3443 φοι,
1816 3380 1867 3431 id
1896 3397 1997 3432 non
2027 3384 2293 3449 privilegio
2318 3379 2642 3430 foeminarum
2679 3390 2737 3424 ac

1678 3470 1854 3519 sexus,
1898 3459 1989 3508 sed
2020 3460 2144 3523 jure
2166 3456 2450 3508 sacerdotii
2478 3472 2540 3505 ac
2577 3451 2736 3515 digni-

1678 3535 1816 3593 tatis,
1838 3537 2306 3600 consequebantur.
2339 3534 2449 3580 ἆορ.
2472 3531 2602 3579 Scal-

1741 3610 2009 3676 Matrona]
2079 3610 2196 3660 Hoc
2252 3607 2452 3674 pendet
2502 3622 2532 3656 e
2573 3603 2736 3655 veteri

1680 3689 2024 3738 Romanorum
2105 3703 2268 3751 more,
2368 3699 2473 3750 quo
2558 3684 2736 3744 magis·

1680 3764 1919 3821 tratibus,
1977 3772 2106 3829 puta
2167 3763 2498 3823 Consulibus,
2540 3760 2732 3808 Praeto-

1679 3840 1837 3903 ribus,
1885 3840 2265 3903 lutei-regibus,
2298 3842 2398 3887 &m
2456 3833 2731 3886 metatori-

1679 3917 1792 3979 bus,
1835 3932 1931 3982 per
1976 3918 2083 3966 vias
2139 3916 2544 3974 ambulantibus,
2591 3916 2732 3965 licto·

1678 4009 1759 4043 res
1803 3993 2145 4059 apparebant,
2180 3994 2266 4058 qui
2316 3993 2563 4057 populum
2606 4007 2730 4040 sum-

1676 4080 1967 4134 moverent,
2005 4078 2062 4121 et
2105 4086 2135 4120 e
2180 4072 2261 4121 via
2296 4071 2551 4135 juberent
2588 4071 2728 4118 dece·

1674 4147 1817 4198 dere.
1887 4147 1971 4198 Ab
2010 4148 2071 4197 iis
2106 4147 2279 4197 a'utem
2320 4147 2444 4196 solae
2487 4153 2724 4195 matrone

1676 4238 1776 4273 non
1805 4224 2294 4285 summovebantur;
2342 4232 2402 4273 nt
2426 4238 2522 4273 nec
2551 4223 2724 4271 Vesta·

1673 4301 1764 4352 les.
1841 4301 1945 4352 Sed
1992 4300 2090 4353 boc
2129 4302 2233 4352 iuae
2286 4309 2630 4351 matronarum
2664 4306 2719 4343 se
