3020 4853
488 342 578 410 40

497 505 932 587 Aditicnlum,
963 528 1238 593 parvum
1269 509 1546 576 aditum.

1135 344 1385 412 'sax'rr
1436 364 1745 413 roman
1797 365 2003 415 rasi-1

493 609 798 677 Adlectif
838 614 1230 680 dicebantur
1259 616 1442 699 apud
1490 617 1862 696 RomanoS,
1893 622 2006 702 qui
2055 628 2327 705 propter
2376 625 2671 709 inopiam

578 737 668 781 ex
698 722 984 803 equestn'
1034 722 1262 786 ordine
1315 722 1381 786 in
1428 732 1810 788 senatorum
1853 732 2012 788 sunt
2062 746 2327 792 numero
2359 732 2671 794 assumti:

574 841 730 886 nam
787 824 1018 906 patres
1067 826 1417 903 dicuntur,⁸
1480 828 1600 911 qui
1651 835 1809 892 sunt
1858 830 2122 911 patricii
2174 834 2466 915 generis:
2514 832 2676 897 con-

578 927 836 1010 scripti,
867 929 982 1011 qui
1010 930 1080 993 in
1108 940 1333 995 senatu
1367 938 1520 995 sunt
1542 932 1813 1014 scriptis
1843 934 2162 999 annotati.

491 1030 797 1097 Adlicith
844 1039 968 1111 est,
1014 1035 1319 1117 perducit
1349 1035 1644 1119 aliquem
1690 1036 1759 1100 in
1789 1043 2030 1101 rem:¹¹
2079 1038 2338 1102 dictum
2379 1058 2422 1103 a
2475 1040 2672 1104 verbo

576 1134 764 1212 lacit,
796 1134 863 1198 id
893 1144 1017 1215 est,
1041 1139 1309 1222 decipit.

1399 1139 1587 1204 Hinc
1617 1140 1963 1207 descendit
1992 1142 2280 1220 inlicere,
2330 1152 2401 1207 et
2447 1143 2675 1209 oblec-

576 1245 742 1317 tare,
771 1238 840 1304 id
867 1247 989 1319 est,
1020 1242 1443 1310 frustrantem
1472 1245 1863 1310 inducere.¹²

492 1339 887 1421 Adlivescit,
916 1343 1120 1410 livere
1151 1346 1421 1432 incipit:
1466 1347 1591 1413 hoc
1621 1353 1742 1427 est,
1771 1349 2049 1414 lividum
2083 1349 2243 1415 fieri.

491 1441 900 1512 Admissivae
932 1446 1121 1512 avesi
1170 1449 1560 1516 dicebantur
1590 1453 1676 1516 ab
1707 1454 2084 1536 auguribus,
2113 1475 2278 1538 quae.
2315 1453 2667 1519 consulen-

577 1556 707 1610 tem
730 1548 1121 1631 juberent.¹³

490 1646 862 1730 Adnictat,¹‘
914 1658 1121 1737 saepe,
1151 1660 1217 1719 et
1255 1654 1492 1720 leviter
1525 1655 1720 1721 oculo
1763 1659 2006 1723 annuit.

2099 1661 2385 1727 Naevius
2429 1661 2495 1725 in
2536 1659 2672 1724 Ta—

1401 1840 1761 1865 mum

555 1975 612 2019 ll
635 1971 975 2022 CensetDac.
997 1972 1169 2022 forsan
1194 1974 1581 2025 rescribendum

1603 1976 1819 2040 perducit
1843 1976 2044 2041 aliquem
2060 1979 2113 2027 in
2133 1982 2383 2028 reta—12
2407 1978 2671 2041 Frustrari,

486 2049 566 2083 seu
582 2037 801 2086 inducere
823 2038 1097 2103 legendum
1120 2048 1294 2090 monet
1312 2041 1456 2091 Fulv.
1480 2042 1782 2092 Ursum—18
1818 2043 1918 2092 Ati·
1929 2044 2176 2107 Juvat-est,
2202 2052 2335 2094 teste
2355 2046 2493 2095 Scal.

1482 2210 1696 2260 NOTAE

549 2297 566 2330 ¹
586 2301 798 2366 Adlecn']
828 2302 987 2353 Totus
1008 2304 1091 2354 hic
1120 2306 1261 2355 locus
1286 2304 1350 2355 de
1376 2306 1535 2356 Sena·

485 2374 683 2425 toribus
718 2377 867 2426 nimis
906 2382 1150 2443 praecisus
1185 2389 1266 2432 est
1291 2398 1321 2433 a
1352 2384 1534 2436 Paulo.

479 2451 612 2500 Sunt
633 2453 770 2502 enim
800 2454 1072 2507 Senatores
1094 2460 1295 2517 Patres.
1319 2461 1536 2512 Senato-

482 2543 565 2577 res
600 2532 805 2593 patricii
851 2537 1071 2598 generis.
1111 2543 1166 2585 et
1199 2537 1535 2601 patriciorum

483 2613 749 2656 suctores:
787 2617 905 2658 sunt
938 2611 1215 2662 Senatores
1251 2616 1537 2680 conscripti

482 2696 512 2729 a
556 2683 612 2732 L.
647 2683 805 2734 Junio
849 2686 1035 2746 Bruto,
1100 2703 1165 2737 ex
1226 2692 1534 2752 primoribus

483 2761 737 2822 equestris
772 2761 986 2828 ordinis,
1024 2770 1082 2813 ut
1119 2765 1291 2815 Livius
1334 2770 1535 2832 scribit,

480 2837 668 2886 adlecti.

479 2913 616 2978 quod
643 2923 855 2979 propter
878 2918 1103 2981 inopiam
1116 2919 1373 2972 Senatorii
1398 2925 1531 2973 ordi-

476 2991 558 3039 nis
581 3005 645 3039 ex
670 2993 924 3056 equitibus
949 2997 1158 3046 assumti
1186 3002 1320 3050 mut.
1383 2999 1532 3050 Idem

474 3065 671 3118 factum
696 3077 778 3119 est
800 3079 916 3134 post
942 3087 1161 3137 pugnam
1193 3076 1531 3143 Cannensem,

477 3147 694 3196 adiectis
717 3165 748 3198 a
776 3149 1049 3200 Dictatore
1073 3151 1150 3202 Μ.
1174 3153 1334 3204 Fabio
1371 3157 1533 3206 Bute-

476 3237 574 3271 one
598 3224 773 3289 iis,qni
794 3226 1146 3290 magistratum
1166 3231 1532 3297 obtinuissent,

475 3316 645 3368 neque
681 3307 731 3354 in
754 3308 1000 3358 Senatum
1036 3311 1158 3360 lecti
1191 3320 1380 3367 essent.
1407 3315 1531 3364 item

477 3383 564 3445 qui
590 3383 753 3446 spolia
778 3385 936 3447 domi,
961 3394 1049 3436 aut
1086 3388 1298 3439 civicam
1330 3391 1533 3441 habuis-

474 3467 608 3509 sent.
635 3461 780 3510 Idem
800 3463 977 3513 Festus
997 3465 1154 3515 verbo
1169 3467 1302 3520 ‘Qui
1327 3469 1538 3532 patres,’

475 3535 603 3585 alios
639 3547 875 3588 auctores
912 3548 1140 3604 secutus,
1172 3560 1203 3593 a
1237 3545 1299 3594 P.
1321 3547 1530 3598 Valerio

476 3612 595 3662 Cos.
638 3615 957 3679 conscriptos
996 3616 1176 3668 refert.
1244 3621 1525 3687 Dionysius

471 3692 742 3756 utriusque
786 3694 1019 3743 Consulis
1060 3697 1325 3746 consilium
1370 3698 1528 3751 fnisse

473 3769 568 3830 ait,
589 3778 643 3818 et
668 3769 837 3827 Bruti,
861 3778 914 3820 et
941 3771 1249 3825 Publicolae.
1316 3777 1526 3828 Tacitus

474 3860 590 3894 cum
637 3847 783 3896 Livio
835 3849 1116 3912 consentit,
1174 3860 1523 3920 praeterquam

468 3921 605 3986 quod
631 3935 718 3971 eos
744 3924 991 3974 minorum
1015 3928 1244 3991 gentium
1274 3933 1527 3995 appellat,

470 4000 609 4064 quod
656 4001 828 4050 Livius
865 4011 1072 4053 centnm
1110 4007 1448 4058 Senatoribns
1492 4027 1524 4061 a

468 4076 656 4127 Prisco
696 4093 818 4142 rege
855 4080 1073 4132 adiectis
1118 4084 1319 4136 tribuit.
1385 4086 1523 4137 Vide

469 4155 626 4203 etiam
683 4156 891 4208 Festum
949 4161 1104 4211 verbo
1158 4161 1520 4228 ‘conscripti-⁹

469 4232 589 4283 Ast.
612 4233 741 4296 Aug.

733 2838 804 2887 Hi
827 2839 981 2902 igitur
1000 2842 1189 2892 adlecti
1210 2843 1537 2908 dicebantur,

1681 2308 1897 2372 Adiecti]
1937 2309 2039 2358 Eos
2071 2308 2314 2371 intelligit
2346 2308 2430 2373 qni
2470 2309 2672 2358 exactis

1619 2386 1823 2450 regibus
1855 2395 2065 2452 propter
2096 2386 2311 2436 Senatus
2348 2386 2568 2451 inopiam
2604 2401 2671 2437 ex

1618 2465 1927 2530 primoribus
1956 2465 2209 2529 equestris
2239 2463 2432 2514 ordinis
2457 2479 2486 2512 a
2511 2464 2671 2512 Lucio

1615 2543 1772 2594 Junio
1796 2543 1959 2593 Bruto
1984 2543 2195 2592 assumti
2226 2550 2362 2592 sunt.
2429 2542 2540 2592 Lir.
2578 2542 2670 2592 lib.

1618 2630 1679 2673 n.
1696 2621 1849 2670 iidem
1870 2628 1925 2671 et
1940 2620 2194 2684 conscripti
2207 2620 2355 2682 dicti,
2374 2620 2490 2670 vide
2509 2620 2670 2670 ‘Con-

1618 2699 1797 2762 seripti
1815 2698 1829 2719 ’
1849 2705 1904 2748 et
1927 2700 1942 2726 ‘
1962 2697 2062 2750 Qui
2092 2697 2304 2762 patres.’
2337 2699 2461 2749 Dae.

1679 2783 1704 2819 ⁸
1731 2776 1857 2825 Nam
1885 2781 2045 2840 patres
2060 2775 2307 2840 dicuntur]
2328 2775 2471 2826 Infra
2490 2782 2661 2827 tamen

1615 2866 1645 2901 a
1680 2863 1908 2916 paternoe
1942 2867 2080 2901 enrae
2119 2853 2450 2903 similitudine
2483 2854 2668 2903 Patres

1614 2931 1902 2994 appellatos
1924 2930 2083 2979 dicit:
2109 2930 2225 2979 vide
2245 2929 2296 2979 in
2314 2938 2328 2960 ⁸
2346 2930 2571 2981 Patres!
2591 2931 2667 2980 Id.

1676 3006 1921 3072 malicie]
1960 3008 2006 3057 A
2028 3008 2174 3063 lacto,
2208 3008 2343 3073 qnod
2364 3016 2441 3058 est
2466 3008 2662 3073 decipi·

1615 3085 1748 3135 endo
1773 3087 1821 3135 in
1848 3085 2082 3135 fraudem
2107 3085 2308 3136 induco.
2376 3086 2510 3137 Vide
2536 3090 2550 3114 ⁸
2570 3089 2668 3137 La-

1614 3161 1723 3212 cit.'
1790 3163 1915 3223 Ista,
1954 3163 2170 3225 perducit
2214 3163 2414 3227 aliquem
2457 3164 2509 3213 in
2550 3178 2669 3224 rem,

1615 3240 1737 3289 mibi
1774 3248 2016 3305 suspecta
2056 3247 2192 3291 sunt.
2263 3241 2667 3292 Rescribendnm

1614 3316 1807 3382 forsan,
1825 3318 2038 3383 perducit
2057 3320 2259 3382 aliquem
2275 3320 2326 3367 iu
2344 3325 2458 3369 rete.
2503 3320 2589 3370 Sic
2613 3330 2666 3370 et

1612 3396 1791 3446 illicere
1825 3397 2032 3460 proprie
2055 3405 2135 3446 est
2163 3397 2415 3459 illaqueare
2452 3404 2506 3446 et
2533 3397 2668 3461 pelli-

1614 3489 1734 3530 cere,
1756 3474 1806 3523 in
1831 3473 2063 3523 fraudem
2090 3471 2354 3522 inducere.
2389 3473 2538 3524 Idem.

1677 3550 1688 3583 ¹
1707 3550 1990 3600 Admissivoe
2002 3549 2134 3614 aves]
2154 3551 2284 3602 Qnae
2299 3548 2533 3600 faventes
2552 3566 2668 3615 pro-

1610 3629 1835 3691 positum
1856 3638 2083 3677 nostrum
2104 3643 2194 3677 nos
2201 3627 2388 3692 jubent
2408 3630 2666 3694 persequi,

1609 3713 1663 3753 et
1688 3705 1955 3753 consilium
1980 3713 2207 3753 nostrum
2244 3718 2334 3752 sno
2362 3706 2553 3766 garritu
2581 3706 2663 3754 vel

1611 3783 1785 3832 volatu
1807 3781 2006 3832 faciunt
2037 3790 2224 3833 ratum.
2291 3785 2306 3811 ‘
2333 3782 2660 3835 Admittere'

1607 3860 1744 3909 enim
1785 3860 1994 3924 proprie
2035 3867 2135 3916 est,
2169 3859 2338 3909 sinere
2370 3859 2502 3912 fleri.
2566 3864 2661 3912 Te·

1609 3944 1741 3986 rent.
1781 3937 2015 3986 Eunncb.
2046 3950 2122 3987 tv.
2163 3941 2210 3986 6.
2249 3936 2381 3986 ‘Sed
2429 3945 2482 3986 tu
2526 3938 2659 4005 qnod

1607 4001 1793 4064 cavere
1816 4015 1997 4080 possis,
2012 4016 2229 4065 stultum
2252 4013 2526 4066 admittere
2552 4017 2661 4069 est?

1665 4165 1961 4229 '‘Adnuit-tat]
1993 4168 2184 4217 Versus
2213 4169 2381 4220 Naevii
2408 4170 2654 4236 integrio-

1601 4258 1682 4293 res
1723 4245 1980 4309 posuimus
2014 4246 2066 4295 in
2108 4247 2499 4311 Conjectaneis:
2539 4257 2654 4300 sunt
