3020 4853
633 398 732 447 ΠΒ
782 397 1187 449 VERBORUM
1236 397 1852 449 stchch'rtoNE
1903 399 2046 449 mn.
2092 402 2141 450 1.

2399 388 2485 453 ⁷7

303 542 674 626 Anginam‘
699 544 1023 610 vinariam
1051 545 1297 611 habere
1326 543 1653 623 dicuntur,
1683 546 1798 631 qui
1830 545 1985 611 vino
2008 544 2437 611 suffocantur.

305 644 785 732 Angiportu3,¹²
826 649 944 712 iter
987 649 1555 733 compendiarium
1599 651 1667 715 in
1712 649 2011 733 oppido:
2059 669 2143 715 eo
2189 650 2365 733 quod
2397 649 2488 715 sit

386 755 706 832 angustus
736 758 989 834 portua,
1016 751 1084 816 id
1114 758 1238 829 est,
1264 752 1486 819 aditus
1513 753 1584 819 in
1615 758 1903 838 portum.

303 851 579 935 Angor*
621 860 727 920 est
771 854 973 920 animi
1004 855 1111 920 vel
1142 857 1442 941 corporis
1469 857 1828 935 cruciatus,
1871 857 2142 941 proprie
2171 875 2214 920 a
2245 855 2489 925 Gra-,co

387 955 683 1045 συνάγχη,
713 958 780 1023 id
816 967 941 1038 est,
972 960 1524 1044 strangulatione,
1566 961 1822 1027 dictus:
1867 959 2042 1025 unde
2084 964 2151 1025 et
2194 959 2489 1024 faucium

388 1058 581 1126 dolor
622 1064 857 1143 angina
896 1070 1190 1129 vocatur.
1256 1063 1590 1130 Plautus:
1640 1064 1873 1130 vellem
1909 1083 2016 1128 me
2062 1064 2132 1128 in
2172 1062 2485 1146 anginam

385 1164 578 1240 verti,
607 1184 742 1250 quo
769 1164 926 1231 huic
956 1165 1244 1232 aniculae
1273 1166 1509 1235 fauces
1538 1187 2105 1253 proeoccnparem.

304 1264 663 1350 Angulu8,’
699 1288 742 1335 a
771 1266 1014 1336 Graeco
1043 1267 1340 1355 ἁγκῦλονε
1386 1272 1531 1337 sive
1569 1273 1655 1338 ab
1697 1292 1803 1351 eo,
1842 1270 2016 1356 quod
2050 1276 2155 1336 est
2189 1269 2387 1358 ἐγγὺς,
2417 1268 2488 1333 id

1294 1477 1506 1529 NOTAE

367 1606 663 1670 Angerona]
682 1605 765 1657 Ab
787 1608 992 1673 angina,
1014 1609 1057 1658 si
1093 1608 1357 1674 sequimur

304 1683 527 1733 Festum.
592 1685 697 1734 Sed
716 1687 887 1749 potius
908 1687 973 1735 ab
995 1686 1233 1750 augendo
1251 1701 1358 1749 ore,

301 1768 381 1810 est
402 1761 537 1810 enim
562 1761 672 1812 Dea
710 1762 918 1813 silentii.
981 1763 1145 1814 Solin.
1169 1778 1284 1828 cap.
1309 1770 1355 1816 1.

302 1837 319 1865 ⁸
345 1838 491 1888 Inter
518 1840 899 1905 antiquissimas
934 1856 1057 1892 sane
1082 1842 1355 1907 religiones

303 1914 547 1965 sacellum
565 1917 754 1967 colitur
774 1916 1085 1981 Augemmi,
1102 1918 1183 1967 cui
1202 1918 1358 1969 sacri·

302 1990 488 2042 ficetur
527 2000 647 2044 ante
686 1994 821 2044 diem
860 1994 1213 2045 duodecimum
1252 1995 1356 2044 Ka·

302 2069 570 2120 lendarum
624 2071 1015 2125 Januariarum:
1065 2086 1180 2137 qnoe
1239 2072 1361 2123 Dea

302 2148 497 2210 praesul
519 2148 710 2201 silentii
744 2149 889 2200 istius
923 2164 1166 2214 praeuexo
1188 2148 1357 2214 obsig-

303 2232 527 2289 natoque
550 2240 637 2276 ore
658 2226 982 2277 simulacrum
1005 2225 1197 2276 habet!
1233 2227 1358 2277 Duc.

365 2305 381 2336 ‘
402 2303 673 2369 Auginum]
709 2305 953 2370 Quisquis
971 2304 1105 2355 dixit
1122 2306 1357 2368 anginam

304 2381 552 2433 vinariam
581 2383 689 2449 pati
723 2381 965 2449 eum,qui
988 2382 1107 2433 vino
1142 2380 1360 2433 suffoca·

303 2464 462 2520 retur,
495 2467 703 2510 secutus
737 2468 821 2511 est
859 2474 994 2519 eum,
1017 2460 1105 2523 qui
1141 2461 1356 2510 Demos·

303 2535 507 2588 thenem
565 2537 701 2586 dixit
742 2534 1050 2601 ὰργνρόγχην
1102 2534 1243 2599 ἔχειν.
1304 2537 1355 2586 iu

303 2613 595 2664 Glossario:
631 2617 646 2641 ‘
674 2612 930 2678 Anguina,
955 2613 1152 2676 ἄγκυρα,
1188 2610 1361 2675 συνάγ-

303 2707 393 2751 χη,
434 2689 715 2761 αςύναγχος.’
780 2690 932 2744 Quod
984 2690 1362 2755 interpretatur

302 2769 317 2795 ⁶
342 2767 656 2833 Anguinam,
668 2766 906 2832 timeum:
918 2767 1247 2818 confirmatur
1263 2773 1361 2818 tes·

303 2846 514 2896 timonio
537 2845 754 2896 Cinnae:
790 2849 805 2874 ⁸
828 2844 1000 2909 Atque
1024 2844 1248 2910 anguina
1278 2859 1361 2894 re-

302 2924 381 2986 git
412 2922 652 2974 stabilem
674 2921 956 2974 fortissima
987 2920 1230 2973 cursum!
1251 2922 1360 2973 Jos.

368 3078 613 3140 Auginum
645 3075 901 3140 cinadmn]
937 3076 1024 3127 Sic
1056 3076 1225 3140 lepide
1250 3078 1358 3129 De·

304 3155 481 3206 mades
531 3155 663 3205 dixit
712 3154 1113 3204 Demosthenem
1168 3153 1361 3205 habere

301 3235 317 3262 ⁸
343 3233 581 3298 anginam
648 3240 966 3297 argenteam,
1020 3231 1365 3297 &pyvpdwvss

305 3301 442 3374 quod
466 3315 680 3370 argento
714 3314 991 3371 corruptus
1021 3308 1144 3357 nihil
1167 3308 1363 3359 dixerit

304 3394 488 3438 contra
509 3386 757 3445 Milesios,
792 3385 885 3436 sed
907 3400 962 3436 se
978 3385 1165 3451 angina
1198 3387 1362 3452 premi

305 3464 580 3516 simularit.
620 3463 744 3514 Dae.

369 3553 392 3578 ⁸
426 3544 747 3609 Aug-iporeae]
784 3542 1050 3607 Augustus
1086 3550 1286 3607 portus,
1308 3545 1361 3595 id

306 3630 403 3688 est.¹
429 3623 600 3673 aditus
634 3622 690 3671 in
724 3630 947 3685 portum,
961 3619 1228 3671 obscurius
1251 3620 1363 3673 dic·

306 3710 415 3752 tnm
452 3706 562 3760 est;
594 3698 695 3748 nisi
732 3697 911 3761 addas,
928 3697 1026 3748 hoc
1050 3703 1150 3758 est,
1181 3697 1236 3748 in
1273 3697 1363 3749 do·

305 3791 466 3827 mum.
531 3776 697 3824 Varro
719 3773 850 3823 libro
865 3781 1067 3838 quarto,
1084 3774 1149 3824 ab
1171 3788 1363 3840 angen-

307 3856 374 3907 do
408 3860 463 3905 et
501 3860 690 3918 portu3
726 3857 782 3901 et
820 3850 1020 3916 quinto,
1058 3851 1178 3917 quia
1211 3850 1264 3900 in
1301 3865 1364 3901 eo

307 3932 432 3984 nihil
466 3936 643 3996 potest
689 3928 791 3990 agi.
844 3927 1064 3978 Festus:
1116 3927 1363 3992 ‘portum

309 4025 405 4075 pro
439 4009 591 4058 domo
615 4007 668 4057 in
702 4005 970 4055 duodecim
1005 4005 1230 4068 positum
1258 4020 1365 4055 om·

309 4102 401 4137 nes
423 4080 783 4136 consentiunt’
808 4089 861 4131 et
882 4081 1169 4146 Ulpianus:
1204 4088 1219 4111 ‘
1237 4083 1365 4133 Por-

311 4173 393 4214 tus
427 4169 508 4213 est
550 4161 822 4212 conclusus
857 4160 1002 4210 locus
1041 4175 1139 4224 quo
1176 4159 1365 4224 impor-

311 4248 512 4300 tantur,
534 4246 593 4290 et
611 4237 735 4287 inde
757 4242 1096 4301 exportantur
1131 4251 1330 4287 merces
1352 4253 1367 4288 z

312 4317 448 4369 uude
470 4315 799 4381 angiportum
816 4313 1009 4366 dictum
1031 4313 1148 4366 est.’
1198 4316 1368 4366 Dona-

1437 1616 1522 1659 tus
1547 1609 1597 1659 in
1621 1607 1844 1673 Adelph.
1890 1613 1906 1637 ⁴
1928 1605 2269 1674 Angiportum
2293 1612 2375 1657 est
2404 1621 2494 1657 an·

1437 1693 1590 1752 gusta
1622 1694 1676 1736 et
1708 1693 1859 1737 curta
1897 1686 1998 1749 via,
2036 1686 2177 1752 quasi
2216 1686 2494 1751 angnipor·

1437 1770 1520 1814 tus
1540 1764 1574 1814 ε’
1610 1764 1715 1828 alii,
1740 1763 1876 1829 quod
1900 1764 2038 1814 inter
2056 1771 2229 1827 portus
2251 1764 2317 1813 sit
2349 1763 2493 1812 locus

1439 1848 1702 1907 angustus,
1735 1842 1832 1892 hoc
1862 1848 1963 1907 est,
1983 1843 2119 1892 iuter
2141 1841 2337 1891 domos.
2372 1842 2495 1891 Ant.

1438 1992 1447 2007 ’
1501 1996 1822 2063 Angiportas]
1837 1998 1935 2049 Via
1954 2003 2193 2060 angusta,
2213 1994 2281 2048 ab
2299 2010 2495 2058 angen-

1440 2072 1506 2125 do
1527 2081 1584 2125 et
1618 2082 1786 2138 portu,
1810 2077 1979 2126 Varro
2005 2075 2093 2126 lib.
2113 2089 2191 2125 lv.
2241 2072 2498 2134 Donatus,

1439 2150 1505 2200 ab
1539 2167 1706 2217 angue
1729 2160 1787 2203 et
1808 2162 1980 2218 portu,
2002 2153 2329 2219 angiportum
2352 2151 2498 2216 quasi

1440 2230 1823 2294 anguiportum.
1845 2229 1898 2280 id
1922 2238 2022 2291 est,
2046 2231 2175 2279 viam
2211 2227 2496 2279 flexuosam

1439 2305 1490 2354 in
1516 2307 1721 2359 modum
1746 2308 1947 2372 anguis.
2015 2307 2209 2358 Portus
2230 2305 2367 2356 enim
2390 2304 2497 2355 An-

1438 2382 1594 2447 tiquis
1615 2383 1747 2434 viam
1770 2383 2116 2450 significabat.
2152 2383 2282 2433 Dec.

1499 2466 1526 2492 ¹
1548 2461 1740 2526 Angor]
1779 2462 1954 2512 Plaut.
1976 2462 2028 2510 iu
2051 2460 2282 2509 Mosteli.
2299 2509 2304 2514 ,
2322 2457 2498 2521 paucis

1436 2537 1737 2588 immutatis.
1771 2539 1787 2567 ‘
1807 2537 1873 2588 In
1895 2537 2131 2602 anginam
2150 2551 2245 2600 ego
2261 2550 2397 2587 nunc
2415 2548 2498 2584 me
2571 2585 2574 2586 γ

1445 2615 1597 2665 velim
1636 2615 1793 2676 verti,
1828 2623 1886 2665 ut
1924 2613 2167 2665 venefica
2196 2613 2272 2664 illi
2299 2614 2500 2663 Fauces

1442 2694 1795 2759 prebendam-⁹
1826 2693 2095 2757 Δαμίης.

1506 2772 1703 2838 Angor]
1749 2772 1947 2830 Scribe,
1988 2785 2020 2821 a
2054 2771 2247 2823 Graeco
2288 2765 2498 2831 ἀγχόνη.

1441 2849 1609 2900 Miror
1630 2866 1663 2900 a
1683 2848 1992 2901 doctissimis
2014 2847 2138 2898 viris
2164 2845 2383 2911 margini
2407 2860 2499 2911 ap·

1440 2927 1666 2990 positum
1699 2924 2042 2989 ἆγχηνέλλω.
2107 2923 2225 2973 Hoc
2264 2920 2386 2986 quid
2411 2921 2502 2979 sit,

1440 3018 1504 3053 ue
1529 3003 1629 3067 ipsi
1652 3003 1858 3068 quidem
1882 3003 2072 3052 sciunt.
2137 2999 2238 3059 Sed
2271 2998 2502 3063 quisquis

1438 3079 1536 3131 hoc
1574 3095 1726 3130 ausus
1756 3088 1857 3141 est,
1879 3095 1982 3131 non
2017 3077 2248 3140 dubium,
2266 3074 2388 3141 quin
2427 3075 2502 3124 ita

1441 3156 1627 3220 legerit
1651 3156 1700 3204 in
1737 3156 1905 3206 lexico
1937 3170 2050 3217 suo,
2071 3169 2188 3205 cum
2221 3151 2501 3216 legendum

1443 3233 1618 3297 potius
1640 3239 1797 3295 esset,
1816 3231 2007 3296 ἄγχειν,
2031 3231 2204 3281 famer.
2255 3229 2393 3279 Nam
2414 3227 2502 3290 67-

1439 3328 1534 3374 χω,
1555 3318 1635 3362 est
1655 3311 1797 3362 ἵλλω.
1843 3309 2022 3372 Vide,
2039 3323 2190 3373 quam
2213 3320 2354 3371 saepe
2379 3305 2504 3354 boni

1441 3396 1498 3439 et
1515 3388 1659 3439 docti
1683 3388 1779 3438 viri
1794 3402 1911 3438 suos
1934 3386 2029 3436 sibi
2048 3385 2225 3435 oculos
2239 3382 2337 3447 ipsi
2356 3381 2505 3433 fasci·

1441 3473 1585 3517 nant.
1629 3467 1736 3517 doe.
1763 3466 1894 3517 Saul.
1946 3465 2112 3514 Locus
2148 3459 2324 3511 Plauti
2348 3472 2503 3524 quem

1441 3542 1579 3596 infra
1598 3545 1798 3608 Festus,
1818 3551 1903 3595 est
1923 3557 1952 3591 e
1973 3539 2205 3593 Mostell.
2227 3552 2269 3589 ι.
2290 3537 2340 3589 8.
2397 3545 2412 3566 ‘
2437 3537 2500 3587 ln

1446 3622 1683 3685 anginam
1706 3636 1806 3686 ego
1834 3634 1971 3672 nunc
1991 3618 2142 3668 velim
2166 3614 2319 3676 verti,
2340 3620 2398 3664 ut
2416 3627 2500 3662 ve-

1445 3697 1628 3751 nefieae
1650 3700 1723 3749 illi
1759 3701 1958 3750 Fauces
1977 3694 2309 3761 prehendam,
2344 3698 2502 3755 atque

1446 3776 1648 3825 enicem
1670 3774 1938 3826 scelestam
1955 3766 2352 3822 simulatricem!
2374 3768 2503 3817 Dee.

1510 3859 1532 3894 5
1566 3850 1806 3913 Aug-alas]
1855 3850 1958 3899 Hic
1999 3845 2232 3912 quadam
2278 3843 2505 3907 trajecta

1445 3928 1650 3992 putavit
1667 3926 1992 3977 doctissimos
2008 3922 2241 3987 Vossius,
2253 3922 2338 3986 qui
2357 3921 2503 3985 legit.

1443 4004 1681 4067 Angeias,
1709 4020 1740 4054 a
1763 4003 1934 4053 Graeco
1964 3998 2197 4063 ἀγκύλον,
2216 4000 2501 4064 quoduam·

1442 4087 1598 4143 catur,
1617 4080 1716 4131 sice
1733 4082 1792 4131 ab
1824 4095 1878 4131 ee
1898 4081 2019 4144 qaod
2049 4083 2122 4128 est
2143 4074 2311 4138 ἐγγύς.
2375 4076 2505 4125 Sen-

1448 4173 1533 4207 sus
1566 4165 1663 4220 est,
1697 4158 1937 4222 angulum
1963 4153 2157 4205 factum
2193 4165 2308 4204 esse
2330 4150 2411 4200 vel
2435 4149 2506 4199 ab

1446 4234 1674 4299 ἀγκύλας.
1689 4236 1944 4291 incurvus,
1964 4232 2084 4298 quia
2102 4230 2264 4281 omnis
2286 4228 2502 4292 angulus

1448 4312 1757 4377 aduncatur,
1793 4313 1891 4365 hoc
1926 4309 2379 4389 esu-incurvatur,
2420 4301 2501 4355 vei

2393 4409 2426 4416 -.-
