3020 4853
528 391 656 458 186

1195 407 1421 458 sssxrt
1471 404 1781 455 pompm!
1833 404 2045 455 Fssrl

530 549 870 617 Convallis
892 560 918 587 ¹
958 555 1059 616 est
1083 550 1401 634 planities
1432 570 1523 616 ex
1547 549 1738 621 omni.
1753 556 1938 635 parte
1963 550 2448 634 comprehensa
2472 551 2704 617 monti·

611 655 763 733 bus,
791 652 1187 719 collibusve.
1253 654 1478 719 Vallis
1524 653 1787 719 duobus
1831 655 2150 719 lateribus
2185 655 2449 721 inclusa
2494 654 2706 739 plani-

616 758 768 823 ties.
853 757 1073 822 Vallis
1104 756 1579 822 deminutivum
1608 755 1951 822 Vallicula
1971 756 2151 822 facit.

529 859 883 927 Conventae
908 867 932 897 ²
951 868 978 907 5
1023 860 1318 926 conditio
1340 860 1708 937 dicebatur,
1734 879 1887 925 curn
1916 861 2167 944 primus
2195 879 2409 925 sermo
2432 859 2519 925 de
2540 878 2706 944 nup·

614 963 753 1041 tiis,
784 969 854 1027 et
883 982 1114 1027 earum
1143 962 1525 1027 conditione
1555 960 1942 1027 habebatur.

530 1064 915 1130 Conventus
933 1072 958 1099 ²
1000 1069 1289 1149 quatuor
1317 1064 1538 1130 modis
1565 1063 1966 1147 intelligitur.
2055 1062 2233 1140 Uno,
2255 1085 2407 1130 cum
2435 1065 2710 1151 quemli-

613 1169 727 1232 bet
754 1166 1081 1232 hominem
1104 1170 1190 1232 ab
1215 1168 1445 1252 aliquo
1490 1172 1894 1233 conventum
1922 1187 2072 1233 esse
2102 1167 2386 1233 dicimus
2411 1189 2432 1251 ;
2480 1167 2708 1249 altero,

615 1290 766 1335 cum
795 1269 1202 1353 significatur
1229 1270 1579 1336 multitudo
1607 1291 1696 1336 ex
1725 1272 2183 1356 compluribus
2215 1270 2563 1353 generibus
2591 1271 2709 1337 bo-

613 1373 862 1437 minum
899 1379 1238 1440 contracta
1277 1374 1345 1438 in
1388 1393 1595 1439 unum
1638 1374 1901 1457 locum3
1947 1375 2160 1451 tertio,
2191 1393 2341 1438 cum
2378 1394 2422 1439 a
2469 1376 2709 1457 magis-

613 1476 893 1541 tratibus
911 1475 1154 1560 judicii
1182 1496 1396 1542 causa
1424 1476 1718 1561 populus
1758 1480 2222 1560 congregatum
2266 1482 2529 1560 quarto,
2558 1496 2710 1541 cum

611 1579 904 1664 aliquem
935 1580 1002 1642 in
1031 1579 1256 1644 locum
1285 1579 1647 1664 frequentia
1691 1580 2031 1646 hominum
2056 1578 2569 1664 supplicationis
2593 1585 2710 1644 aut

612 1682 1067 1766 gratulationis
1097 1702 1307 1748 causa
1333 1683 1687 1767 colligitur.

1429 1850 1492 1872 θ’

590 1954 623 1999 2
659 1948 764 1999 Alii
790 1950 1031 1999 Conventa
1053 1950 1135 1999 vel
1161 1949 1433 2008 Consentio.
1497 1952 1636 2003 Scal.
1659 1958 1716 2003 et
1750 1953 1878 2003 Dae.
1901 1948 2176 2016 legendum
2214 1954 2427 2002 monent
2469 1950 2708 2000 cosmate

531 2014 755 2065 conditio.

1506 2111 1722 2164 NOTAE

528 2209 803 2273 legendum
875 2210 943 2259 sit
999 2209 1233 2272 Couivoli,
1287 2216 1348 2260 ut
1400 2223 1576 2273 supra.

527 2285 679 2338 Quod
715 2296 770 2336 et
818 2286 930 2350 ipse
973 2285 1351 2336 Grammaticus
1402 2286 1576 2337 decla-

526 2370 626 2424 rat,
648 2377 760 2419 cum
793 2361 921 2412 dicit
951 2363 966 2391 ⁸
986 2361 1375 2412 conniventibus
1398 2364 1575 2429 palpe-

523 2439 668 2491 bris.’
698 2441 804 2490 Jos.
827 2441 957 2492 Seni.

588 2522 613 2548 ¹
650 2518 913 2581 Cancellis]
944 2516 993 2567 A
1020 2532 1106 2567 con
1128 2524 1184 2567 et
1209 2519 1367 2568 vallis.
1435 2519 1576 2569 Male

523 2593 707 2651 Varro,
726 2594 814 2656 qui
836 2595 852 2623 ⁸
869 2596 1117 2645 convallis
1133 2594 1146 2615 '
1167 2594 1270 2645 dici
1292 2603 1443 2659 putat
1457 2597 1473 2623 ‘
1491 2610 1576 2647 ca·

523 2677 645 2717 vata
667 2669 841 2719 valtis?
876 2670 1001 2721 Due.

586 2751 608 2787 r
667 2746 947 2809 Conventa]
1017 2745 1242 2797 Omnino
1299 2747 1575 2812 legendnm

527 2822 768 2870 Conventa
787 2821 1011 2872 conditio.
1070 2823 1202 2873 Nsm
1225 2830 1280 2874 et
1304 2824 1356 2874 id
1379 2825 1576 2890 simpli·

521 2899 656 2948 citer
688 2898 961 2949 dicebatur
999 2900 1249 2959 conditio.
1293 2902 1429 2952 unde
1467 2903 1574 2954 for·

520 2975 656 3024 mula
693 2975 926 3039 repudii:
964 2976 980 3004 ‘
1004 2976 1315 3028 Conditione
1353 2987 1444 3029 tua
1474 2994 1575 3031 nou

519 3052 689 3101 utor?
743 3061 799 3103 et
839 3052 977 3117 quod
1017 3053 1307 3117 dicebatur,
1342 3057 1358 3084 ‘
1381 3057 1576 3108 Paren-

519 3134 601 3177 tes
624 3127 800 3179 liberis
835 3130 939 3180 auis
964 3130 1286 3184 conditiones
1307 3134 1574 3198 quarere?

517 3204 623 3253 Jos.
646 3202 773 3253 Seni.

587 3281 842 3331 Conventa
856 3281 1087 3347 conditio]
1111 3284 1429 3349 Legendurm
1442 3295 1500 3338 ut
1523 3289 1575 3338 in

518 3354 769 3420 margine,
823 3363 1049 3407 conventa
1114 3360 1339 3424 conditio,
1375 3378 1488 3427 qnae
1521 3370 1577 3414 et

514 3434 721 3482 conditio
765 3435 1003 3486 absolute
1037 3436 1342 3503 dicebatur;
1374 3441 1428 3491 id
1472 3450 1576 3507 est,

518 3512 833 3575 conjunctio.
859 3514 940 3563 vel
973 3515 1146 3578 pactio
1182 3517 1496 3583 nuptiarum,
1519 3528 1576 3571 et

517 3588 907 3651 sponsaliorum.
976 3592 1149 3643 Plaut.
1187 3592 1360 3646 Aulul.
1391 3610 1482 3647 m.
1522 3604 1572 3650 5.

515 3662 531 3690 ‘
575 3663 796 3714 Narravi
842 3666 1020 3715 amicis
1075 3669 1253 3720 multis
1306 3674 1571 3725 consilium

514 3754 686 3791 meum
712 3742 795 3792 De
816 3743 1112 3794 conditione
1135 3746 1269 3796 hac.'
1316 3748 1447 3799 Inde
1468 3749 1573 3801 for-

514 3819 652 3869 mula
689 3820 919 3883 repudii:
966 3823 982 3849 ‘
1006 3821 1304 3874 conditione
1344 3833 1433 3876 tua
1469 3842 1574 3878 non

512 3895 678 3947 utorz’
710 3904 767 3946 et
811 3899 948 3961 quod
972 3897 1261 3965 dicebatur,
1292 3900 1309 3929 ⁸
1328 3912 1571 3965 parentes

512 3972 689 4022 liberis
744 3973 851 4022 suis
907 3972 1229 4025 conditiones
1296 3980 1570 4042 querere!

516 4048 815 4099 Notandum
858 4049 1015 4099 etiam
1060 4051 1265 4102 conditio
1313 4055 1570 4108 interdum

513 4137 618 4174 uon
653 4125 719 4174 de
750 4126 965 4189 nuptiis,
998 4126 1088 4176 sed
1114 4127 1181 4178 de
1202 4133 1397 4196 stupris
1419 4133 1574 4185 intel-

517 4201 626 4262 ligi.
690 4201 905 4251 Sueten.
931 4200 1151 4267 August.
1183 4219 1300 4272 cap.
1328 4214 1411 4259 69.
1461 4209 1478 4236 ‘
1501 4210 1572 4261 Et

516 4277 840 4329 conditiones
894 4281 1136 4345 quaesitas
1190 4298 1285 4348 per
1345 4288 1570 4338 amicos.'

1658 2210 1783 2261 Duc.

1720 2295 1741 2320 ⁸
1775 2289 2066 2354 Casuum]
2102 2289 2219 2339 Hoc
2253 2288 2410 2353 priori
2438 2288 2591 2340 modo
2611 2290 2709 2340 Te-

1657 2371 1791 2415 rent.
1820 2366 2018 2430 Hecyr.
2042 2380 2095 2417 v,
2122 2371 2170 2416 ι.
2203 2373 2219 2395 ·
2246 2365 2370 2416 Non
2398 2366 2496 2416 hoc
2527 2366 2595 2417 de
2631 2366 2710 2416 ni·

1656 2442 1760 2492 hilo
1797 2443 1935 2509 quod
1971 2445 2167 2495 Laches
2205 2459 2339 2495 nnnc
2372 2459 2454 2495 me
2488 2459 2711 2495 conven-

1658 2525 1766 2570 tum
1792 2521 2032 2585 expetit?
2100 2522 2302 2587 Reliqui
2332 2529 2441 2572 tres
2476 2523 2612 2572 modi
2634 2537 2713 2573 se·

1656 2604 1873 2661 quentes
1896 2596 1961 2646 ad
1985 2610 2140 2647 unum
2170 2601 2226 2648 et
2246 2597 2465 2648 eundem
2496 2605 2713 2663 possunt

1656 2670 1864 2726 referri.
1951 2674 2084 2724 Nam
2132 2689 2164 2724 a
2204 2674 2540 2725 conventibus
2582 2688 2714 2741 quos

1657 2751 2015 2815 Magistratus,
2035 2752 2143 2801 sive
2170 2752 2223 2801 in
2245 2751 2413 2801 Italiae
2437 2750 2715 2815 prefectu·

1657 2828 1727 2877 ris
1761 2835 1816 2878 et
1851 2828 1901 2877 in
1932 2827 2210 2892 provinciis
2233 2829 2358 2893 suis,
2378 2829 2488 2878 sive
2513 2829 2710 2891 Rome,

1656 2907 1744 2972 qui
1766 2914 1823 2957 et
1842 2909 2164 2959 contentiones
2191 2907 2517 2972 dicebantur,
2539 2915 2598 2959 ut
2621 2922 2713 2972 pa·

1658 2991 1737 3035 tet
1757 2999 1823 3034 ex
1846 2987 2101 3049 Varrone,
2124 2985 2289 3051 quivis
2318 2984 2406 3034 alii
2436 2994 2599 3037 coetus
2619 2985 2709 3035 be·

1654 3062 1848 3111 minum
1872 3076 2193 3128 quacumque
2222 3062 2292 3113 de
2321 3075 2495 3125 causa,
2516 3077 2713 3114 mm·

1655 3142 1733 3186 tas
1765 3137 1894 3187 dicti
1931 3145 2067 3188 sunt.
2129 3136 2233 3187 Sed
2265 3150 2367 3188 non
2397 3145 2713 3202 pretereun-

1656 3213 1795 3277 dum,
1817 3220 2065 3264 conventu
2096 3213 2299 3263 nomine
2338 3220 2592 3278 preterea
2621 3213 2712 3265 ‹le-

1655 3292 1844 3356 signari
1886 3305 2073 3356 corpus
2114 3290 2300 3341 civium
2345 3293 2713 3354 Romanorum,

1655 3371 1742 3435 qui
1780 3371 1830 3419 in
1869 3370 2132 3435 quibusvis
2174 3368 2380 3435 oppidis
2418 3378 2572 3420 extra
2610 3370 2712 3421 La·

1658 3448 1804 3504 tium.
1821 3446 2120 3512 negotiandi
2143 3460 2294 3496 eausa
2311 3446 2590 3511 degebant,
2606 3460 2714 3512 qua

1655 3524 2006 3587 appellatione
2043 3524 2450 3575 secernebautur
2472 3525 2538 3573 ab
2560 3524 2712 3589 oppi-

1653 3599 1802 3648 dania
1826 3599 1963 3663 apud
1975 3600 2198 3650 Tullium
2217 3600 2519 3664 saepissime.
2567 3601 2636 3651 Et
2653 3600 2712 3650 in

1653 3674 1805 3726 Orat.
1842 3690 1935 3739 pro
1964 3676 2109 3726 Sext.
2143 3677 2159 3703 ⁸
2185 3677 2252 3725 Et
2283 3685 2388 3725 tum
2423 3683 2712 3726 conventus

1654 3753 1741 3802 ille
1766 3754 1978 3816 Capuae,
2014 3753 2124 3817 qui,
2157 3759 2370 3815 propter
2398 3752 2617 3802 salutem
2647 3752 2711 3801 il-

1654 3828 1753 3877 lius
1809 3828 1968 3890 urbis,
2021 3827 2293 3877 consulatu
2353 3833 2712 3879 conservatam

1652 3919 1787 3967 meo,
1814 3919 1896 3954 me
1930 3919 2086 3954 unum
2120 3911 2394 3967 patronum
2417 3903 2711 3969 adoptavit,

1652 3981 1771 4033 bnic
1793 3983 1927 4047 apud
1951 3997 2035 4033 me
2058 3982 2306 4032 maximas
2333 3984 2527 4047 gratias
2562 3982 2712 4049 egit?

1652 4060 1758 4110 Ubi
1814 4061 1830 4088 ‘
1872 4068 2159 4111 conventus
2204 4060 2293 4110 ille
2347 4058 2581 4124 Capuae,'
2624 4067 2711 4110 est

1651 4150 1839 4200 eorpus
1874 4137 2063 4187 civium
2102 4136 2449 4188 Romanorum
2485 4137 2574 4202 qui
2606 4137 2708 4185 Ca-

1653 4227 1770 4278 puae
1795 4213 2076 4278 degebant.
2110 4212 2259 4263 Idem.
