3020 4853
616 383 748 452 370

1265 388 1496 442 sssxwl
1546 385 1693 437 Pon
1706 383 1854 434 9811
1904 380 2114 434 RBST!

624 540 887 628 Magisi
925 561 970 608 a
996 540 1245 607 Graeco
1272 541 1501 620 μᾶλλον
1529 530 1751 600 venit:
1797 527 2064 614 antiqui,
2102 523 2210 591 sed
2250 520 2410 588 alias
2451 519 2789 607 [Fsssrus.

707 646 904 732 magis
930 645 1300 731 magistrare
1316 662 1438 726 pro
1466 658 1695 726 regere,
1738 645 1799 699 et
1827 638 2198 717 temperare
2247 624 2537 694 dicebant
2557 648 2576 686 .-
2598 633 2627 672 4
2664 643 2794 689 ma-

712 744 1075 838 gisterarest‘
1102 746 1369 833 quidam
1379 751 1625 829 ponunt
1650 761 1788 825 pro.
1816 785 1833 801 .
1857 786 1874 804 .
1900 781 1919 798 .

625 848 1147 943 Magisterare⁵¹
1210 855 1452 933 regere,
1519 853 1587 912 et
1657 851 2031 926 temperare
2103 844 2230 903 est.

2363 833 2799 916 Magisterare

711 958 1062 1036 moderari,
1092 954 1268 1021 unde
1297 951 1599 1037 magistri
1626 967 1755 1013 non
1780 947 1993 1012 solum
2022 944 2333 1009 doctores
2380 938 2648 1013 artium,
2693 934 2803 998 sed

714 1063 917 1128 etiam
956 1077 1299 1146 pagorum,
1331 1056 1749 1130 societatum,
1800 1049 2126 1125 vicorum,
2157 1044 2467 1125 collegio-
2540 1039 2806 1123 [Paua.

714 1184 883 1241 rum,
942 1163 1238 1247 equitum
1291 1158 1641 1224 dicuntur:
1688 1154 1845 1238 quia
1903 1168 2129 1216 omnes
2178 1148 2248 1213 hi
2304 1146 2517 1229 magis
2575 1142 2805 1207 ceteris

716 1271 1041 1354 possunt:
1085 1263 1261 1330 unde
1292 1267 1359 1326 et
1391 1260 1843 1343 magistratus,
1883 1254 2002 1339 qui
2039 1272 2157 1336 per
2201 1249 2482 1333 imperia
2525 1244 2811 1330 potenti·

639 1373 644 1376 ’
717 1390 865 1437 ores
894 1375 1068 1448 sunt,
1100 1386 1302 1453 quam
1341 1362 1604 1450 privati.
1695 1358 1870 1440 Quae
1916 1377 2055 1423 vox
2090 1353 2351 1421 duabus
2382 1348 2809 1434 significatio·

717 1474 917 1539 nibus
942 1478 1210 1537 notatur
1228 1488 1250 1532 ε
1289 1487 1437 1533 uam
1468 1472 1585 1531 aut
1632 1480 1982 1549 personam
2015 1460 2236 1541 ipsam
2279 1456 2713 1525 demonstrat,
2739 1457 2806 1515 ut

722 1597 876 1643 cum
908 1570 1251 1652 dicimus,⁶
1285 1570 1726 1655 Magistratus
1746 1564 1997 1650 jussit:
2043 1567 2161 1626 aut
2189 1560 2535 1635 honorem,
2557 1561 2634 1619 nt
2666 1573 2807 1618 cum

719 1680 1032 1757 dicimuS‚
1059 1676 1247 1742 Titio
1277 1673 1710 1758 magistratus
1741 1670 1944 1734 datus
1976 1673 2107 1731 est.

641 1782 1094 1867 Magisteria†
1116 1779 1424 1844 dicuntur
1448 1777 1519 1841 in
1547 1773 1858 1840 omnibus
1886 1770 2110 1847 rebus,
2130 1785 2284 1852 qua:
2301 1773 2326 1816 ⁷
2355 1763 2571 1846 magis
2587 1760 2807 1827 ceteris

1553 1935 1761 1959 0000000

1765 1933 1909 1955 00000

705 2034 738 2080 4
772 2028 869 2080 Ed.
893 2028 1026 2079 Seal.
1062 2026 1082 2058 ⁸
1100 2033 1393 2088 temperare
1415 2025 1633 2076 dicebant
1653 2036 1851 2081 errare,
1869 2017 2205 2086 quidamst—5
2239 2017 2362 2066 Vet.
2387 2015 2478 2064 lib.
2500 2012 2807 2073 Magishm:

642 2102 699 2145 et
737 2109 853 2145 mox
897 2094 1103 2160 quidam
1147 2091 1271 2143 libb.
1307 2093 1592 2154 magistrare
1628 2089 1706 2139 vel
1744 2087 2139 2150 magistrata-6
2173 2085 2337 2134 Vetus
2370 2082 2504 2131 liber
2540 2078 2809 2129 dicium-⁷

648 2161 735 2212 Al.
755 2161 854 2226 qui.

1633 2270 1845 2322 NOTAE

645 2391 708 2428 ea
746 2374 861 2425 Osci
894 2375 1022 2426 dieti
1054 2380 1190 2428 sunt.
1255 2374 1426 2429 Quare
1457 2368 1699 2420 emenda·

1776 2364 2106 2434 praecedunt,
2126 2363 2193 2415 ad
2211 2363 2306 2413 boc
2325 2358 2541 2410 verbum
2561 2353 2810 2408 referenda

644 2452 724 2506 bis
745 2454 916 2505 obiter
938 2452 1082 2504 illud
1100 2451 1265 2502 Servii
1290 2463 1386 2501 vn.
1420 2447 1536 2499 AEn.
1564 2447 1580 2475 ‘
1602 2447 1695 2496 Os·
1773 2454 1909 2498 sunt.
1943 2448 2065 2496 Ant.
2088 2445 2219 2507 Aug.

645 2546 889 2596 cornuaque
929 2546 1109 2582 manus.
1195 2531 1494 2593 Capuenses
1548 2525 1695 2586 dicit,

1838 2523 1852 2558 ¹
1885 2522 2230 2587 Magister-are]
2269 2516 2653 2571 Post-verbum
2687 2529 2813 2579 pago·

649 2611 735 2675 qui
753 2620 874 2660 ante
887 2608 1014 2660 Osci
1030 2607 1278 2673 appellati
1292 2604 1574 2670 sunt,quod
1593 2602 1697 2652 illic
1775 2618 1880 2653 rum
1903 2603 2106 2653 videtur
2141 2597 2435 2651 addendum
2473 2595 2731 2653 urio-en,
2762 2606 2813 2640 ex

646 2688 853 2753 plurimi
877 2686 1204 2738 abundavere
1227 2680 1531 2749 serpentes.’
1596 2681 1697 2731 Re-

647 2764 835 2827 scribe,
868 2765 951 2829 qui
979 2770 1120 2815 mea
1160 2763 1318 2828 Opici.
1388 2758 1530 2824 Opici
1562 2757 1698 2809 enim

651 2841 793 2905 prius
822 2840 951 2892 dicti
990 2841 1055 2891 ab
1092 2840 1213 2905 ὄφις,
1248 2852 1483 2904 serpens.
1549 2836 1702 2888 Nunc

650 2917 792 2967 Festi
815 2917 972 2968 verba
992 2918 1119 2968 satis
1149 2925 1349 2981 aperta.
1382 2917 1533 2966 Idem.

712 2993 934 3059 ⁸Moe3is]
957 2994 1315 3045 Durinseulum
1340 3000 1567 3057 etymon.
1599 2991 1703 3041 Ve-

650 3067 912 3119 risimilior
935 3070 1136 3120 videtur
1172 3070 1280 3121 Jul.
1312 3068 1565 3133 scaligeri
1588 3080 1704 3117 sen-

653 3144 835 3201 tentia,
868 3145 952 3211 qui
971 3146 1036 3195 ab
1060 3145 1290 3196 obsoleto
1327 3144 1563 3210 magnior,
1583 3144 1707 3195 eliso

651 3236 704 3279 n,
722 3221 924 3286 magior,
944 3223 1099 3285 magis
1116 3222 1343 3274 deducit.
1378 3222 1526 3273 Idem.

717 3297 744 3331 Β
775 3297 1121 3367 Magister-are]
1164 3300 1366 3350 Deerat
1389 3297 1613 3362 spatium
1642 3295 1705 3346 ad

655 3390 720 3426 ea
741 3375 1012 3440 capienda,
1035 3391 1147 3443 qua:
1180 3374 1610 3425 desiderabantur
1640 3386 1709 3422 ex

657 3450 835 3501 sched.
852 3453 904 3503 in
925 3450 1027 3503 tine
1050 3461 1176 3518 puto
1198 3451 1483 3503 desiderari
1506 3458 1709 3503 tantum

655 3542 836 3581 vocem
869 3532 1049 3593 dacae,
1080 3530 1164 3580 vel
1198 3530 1448 3580 similem:
1483 3536 1540 3580 et
1566 3534 1710 3578 recte

656 3608 865 3675 quidem
908 3611 1092 3661 Festus
1111 3602 1445 3673 'mgisterare
1487 3606 1711 3672 antiquis

656 3695 957 3751 usurpatum
1000 3687 1126 3740 dicit
1168 3700 1261 3750 pro
1304 3699 1503 3747 regere,
1550 3683 1711 3746 impe-

656 3761 790 3814 rium
808 3763 1021 3814 habere.
1077 3761 1212 3816 lude
1233 3761 1286 3812 iu
1307 3760 1479 3812 Gloss.
1498 3767 1514 3789 ⁸
1533 3759 1714 3823 magis·

660 3837 1086 3905 affirmando?
1116 3838 1133 3867 ⁴
1151 3835 1532 3902 Magisterium‚
1554 3834 1715 3901 &px-11!

658 3916 762 3966 Sed
794 3924 977 3982 postea
1009 3931 1105 3982 pro
1138 3918 1322 3973 docere,
1352 3915 1490 3966 unde
1529 3915 1714 3965 artium

662 3991 903 4042 doctores
927 3993 1055 4043 dicti
1071 3992 1317 4056 magistri.
1380 3991 1468 4041 Sic
1490 3991 1715 4055 Spartia-

664 4081 762 4117 nus
782 4067 833 4117 in
856 4067 1086 4119 Adriano
1117 4076 1247 4119 sect.
1273 4072 1352 4118 10.
1383 4068 1399 4097 ‘
1417 4066 1542 4133 Ipse
1578 4067 1717 4116 inter

665 4146 1014 4211 manipulares
1037 4148 1189 4198 vitam
1223 4147 1498 4198 militarem
1530 4145 1715 4209 magis·

667 4221 843 4273 trans?
909 4223 968 4273 ld
990 4233 1092 4288 est,
1113 4223 1323 4274 doeens.
1355 4224 1505 4276 Idem.

731 4299 1077 4366 naeinam]
1106 4299 1281 4352 Verba
1298 4300 1461 4366 Festi,
1475 4313 1590 4366 qua:
1606 4298 1720 4350 haee

1778 2679 1984 2734 Plauto,
2006 2679 2094 2744 quii
2117 2676 2243 2727 dicit
2263 2676 2312 2724 in
2338 2671 2634 2723 Aulularia:
2665 2672 2681 2696 ⁸
2702 2669 2816 2719 Nos-

1780 2764 1873 2805 trae
1890 2755 1975 2820 qui
1991 2761 2070 2805 est
2091 2742 2339 2816 magister
2361 2746 2554 2799 curiae!
2585 2746 2691 2796 Fal.
2720 2745 2817 2794 Urs.

1846 2830 2192 2895 Magister-ure]
2229 2829 2367 2877 Male
2392 2826 2590 2876 Paulus
2612 2823 2820 2885 magiter

1782 2909 1927 2961 ducit
1968 2925 2001 2958 a
2041 2908 2351 2971 magisterare
2386 2903 2469 2953 vel
2516 2901 2818 2965 „magistr-m,-

1784 3000 1900 3037 cum
1952 2993 2133 3036 contra
2185 2982 2495 3046 magisterare
2539 2994 2574 3028 a
2614 2978 2823 3040 nugam

1784 3064 1976 3115 dictum
2000 3065 2085 3113 sit.
2150 3063 2278 3112 Erat
2298 3066 2471 3110 autem
2507 3056 2724 3123 proprie
2743 3070 2827 3105 ns·

1781 3143 1958 3206 gister,
1992 3139 2293 3206 praefectus‚
2325 3137 2531 3189 Graecis
2567 3133 2827 3193 ἐπιστάτης,

1785 3227 1845 3269 ut
1868 3217 2139 3281 ‘magister
2160 3228 2403 3280 pagorum
2424 3211 2439 3235 '
2473 3213 2527 3261 in
2552 3209 2829 3276 inscriptio·

1787 3295 1956 3357 nibus,
2010 3291 2359 3343 ‘societatum
2377 3287 2393 3310 ⁹
2444 3287 2585 3353 apud
2642 3287 2830 3338 Cicero·

1788 3386 1906 3423 nem
1946 3385 2041 3435 pro
2080 3368 2311 3430 Plancio,
2351 3361 2679 3416 ‘vicorum’
2710 3360 2830 3428 apud

1789 3448 2086 3499 Suetonium
2107 3446 2157 3495 in
2174 3444 2431 3508 Augusto,
2448 3451 2462 3472 ·
2477 3435 2831 3507 Collegionn'

1792 3525 1928 3591 apud
1955 3523 2252 3580 Antonium,
2272 3519 2579 3584 ‘Equitum'
2600 3519 2740 3584 apud
2763 3516 2830 3566 Li·

1791 3604 1945 3664 vium,
1960 3602 2260 3661 Varronem,
2276 3605 2330 3649 et
2342 3597 2488 3647 alios.
2525 3594 2662 3647 Inde
2677 3605 2727 3644 et
2742 3607 2828 3643 m·

1794 3680 1943 3745 gistri
1956 3693 2139 3728 nomen
2151 3675 2353 3728 honoris
2364 3688 2524 3725 causa
2535 3673 2722 3723 artium
2733 3668 2832 3719 doe·

1796 3757 1990 3810 toribus
2012 3756 2190 3807 datum
2212 3752 2373 3804 videri
2397 3759 2609 3818 potest:
2634 3758 2692 3799 nt
2713 3744 2828 3811 apud

1796 3834 1998 3885 Livium
2017 3834 2053 3881 Ι.
2072 3846 2125 3883 v.
2142 3839 2272 3882 sect.
2290 3833 2372 3880 2⁷.
2437 3826 2574 3878 Inde
2596 3825 2613 3853 ‘
2633 3824 2828 3889 publiea

1796 3910 2205 3975 magistrationes
2226 3906 2242 3930 '
2275 3908 2329 3957 in
2372 3904 2558 3956 codice
2592 3900 2828 3955 Τὶιοοάοο.

1794 4001 1836 4038 ι.
1856 3987 2040 4037 scholae
2065 3985 2306 4050 publicae.
2372 3979 2420 4032 Α
2442 3978 2829 4042 matitunum

1793 4065 2122 4128 magistra-is,
2154 4077 2254 4111 non
2291 4074 2412 4109 vero
2443 4073 2475 4107 a
2503 4056 2729 4118 magister
2752 4052 2828 4100 im-

1796 4141 2041 4197 mediate,
2066 4148 2125 4190 ut
2149 4137 2349 4203 putavit
2370 4137 2554 4185 Varro.
2589 4132 2708 4182 Du.

1864 4228 1886 4276 †
1922 4212 2237 4279 Magister-ia]
2288 4209 2467 4261 Verba
2497 4206 2642 4259 Festi
2674 4218 2734 4254 ex
2764 4200 2829 4249 hi·

1797 4293 1952 4348 Pauli
1989 4291 2157 4343 verbis
2200 4288 2485 4354 intelliges:
2525 4281 2829 4334 addebamur
