3020 4853
462 306 508 370 6
1280 378 1281 381 Ἴ
1398 312 1709 362 υΑοΕκη

467 483 587 529 cus
643 465 817 529 male
876 462 1270 528 intellectus.
1306 459 1378 524 in
1425 478 1594 524 voce
1640 454 2042 546 profanum:¹
2067 460 2089 492 ‘
2115 452 2330 542 Cujus
2372 451 2656 538 (Verrii)

467 565 845 650 opinionem
889 584 1109 649 neque
1148 564 1218 629 in
1250 563 1404 642 hoc,
1456 581 1672 646 neque
1700 563 1770 626 in
1801 560 1960 626 aliis
2002 559 2451 645 compluribus
2478 558 2656 624 refu-

467 675 609 734 tare
634 669 901 734 minime
932 686 1209 745 necesse
1239 670 1368 744 est,
1400 685 1557 730 cum
1587 663 2008 749 propositum
2040 663 2323 729 habeam
2351 682 2440 727 ex
2471 667 2659 727 tanto

468 770 791 838 librorum
842 769 992 856 ejus
1037 789 1315 836 numero
1361 768 1792 834 intermortua
1829 767 1973 852 jam
2017 772 2089 832 et
2122 767 2391 852 sepulta
2432 767 2660 842 verba,

470 880 672 960 atque
719 875 878 959 ipso
931 894 1115 959 saepe
1152 872 1507 939 confitente
1548 872 1803 938 nullius
1847 891 2011 937 usus
2056 879 2174 937 aut
2218 870 2662 944 auctoritatis,

469 979 828 1060 praeterire,
856 983 924 1044 et
954 979 1212 1063 reliqua
1242 995 1443 1063 quam
1473 976 1867 1042 brevissime
1896 974 2187 1059 redigere
2213 974 2282 1038 in
2308 973 2518 1039 libros
2544 971 2662 1037 ad-

471 1081 744 1147 modum
787 1102 1067 1167 paucos.
1154 1082 1259 1147 Ea
1307 1088 1535 1147 autem
1563 1081 1647 1147 de
1677 1081 1931 1165 quibus
1957 1079 2306 1156 dissentio,
2335 1085 2404 1141 et
2430 1081 2660 1159 aperte

471 1190 538 1248 et
565 1185 851 1252 breviter
877 1194 957 1252 ut
985 1186 1204 1252 sciero
1250 1185 1507 1269 scripta
1535 1184 1602 1249 in
1645 1183 1753 1249 his
1789 1184 1953 1249 meis
1992 1182 2184 1248 libris
2224 1178 2663 1255 invenientur,

475 1288 589 1369 qui
639 1288 1086 1358 inscribuntur
1132 1288 1476 1375 priscorum
1535 1286 1861 1352 verborum
1917 1307 2051 1351 cum
2110 1281 2439 1369 exenaplisss
2526 1281 2664 1348 Sed

471 1384 618 1457 hoec
663 1398 918 1460 tantum
961 1395 1244 1459 innuunt
1274 1392 1463 1458 Festi
1501 1392 1854 1457 consilium
1892 1391 2130 1466 fuisse,
2158 1390 2230 1455 iu
2260 1387 2447 1453 hisce
2474 1385 2665 1452 libris

475 1488 550 1556 de
578 1493 901 1561 verborum
941 1494 1410 1583 significatione,
1440 1494 1663 1560 Verrii
1696 1494 1931 1560 Flacci
1960 1493 2263 1579 ejusdem
2292 1490 2665 1575 argumenti

476 1597 685 1664 libros
724 1600 796 1664 in
836 1601 1173 1686 epitomen
1200 1599 1525 1682 redigere,
1557 1599 1917 1684 praeteritis
1938 1604 2193 1663 tantum
2220 1596 2439 1661 verbis
2464 1596 2665 1659 inter-

477 1700 756 1776 mortuis
804 1706 870 1766 et
912 1703 1216 1787 sepultis.
1332 1701 1508 1766 Tum
1547 1708 1618 1766 et
1659 1702 1933 1767 alterum
1984 1699 2297 1767 volumen
2337 1696 2665 1764 conficere

468 1802 817 1888 priscorum
844 1805 1167 1870 verborum
1195 1826 1330 1870 cum
1360 1803 1667 1892 exemplis,
1690 1806 1805 1871 ubi
1829 1825 1913 1871 ea
1941 1810 2197 1870 tantum
2225 1802 2463 1869 referre
2481 1801 2677 1884 cogi-⁴

479 1908 669 1972 tabat
727 1929 882 1993 quae
927 1911 998 1974 in
1046 1910 1383 1994 prioribus
1429 1910 1618 1976 hisce
1653 1908 1739 1974 de
1783 1911 2132 1975 verborum
2187 1905 2668 1991 significatione

479 2010 939 2093 praeteriisset,
983 2020 1056 2077 et
1094 2014 1376 2079 breviter
1405 2033 1490 2079 ea
1517 2013 1604 2079 dc
1629 2013 1874 2098 quibus
1904 2011 2281 2079 dissentiret
2309 2028 2669 2095 exponere.

479 2111 571 2176 Et
595 2113 742 2178 haec
770 2114 961 2180 aliter
988 2115 1264 2201 intelligi
1304 2137 1438 2183 non
1479 2136 1686 2201 posse
1725 2117 2124 2199 fatebuntur
2163 2115 2283 2200 qui
2328 2113 2671 2179 attendent

481 2214 765 2282 Festum
793 2217 862 2282 in
894 2219 1080 2285 hisce
1124 2220 1207 2285 de
1253 2223 1612 2288 verborum
1659 2221 2150 2305 significatione
2190 2218 2401 2294 libris,
2454 2235 2672 2299 neque

475 2316 703 2385 Verrii
730 2322 1308 2407 reprehensionem
1341 2325 1694 2392 instituere
1726 2331 1969 2412 praeter
2001 2343 2207 2408 quam
2250 2321 2319 2387 in
2344 2321 2520 2387 locis
2551 2318 2672 2385 ad-

480 2420 753 2488 modum
776 2426 1039 2512 paucis,
1069 2448 1282 2513 neque
1313 2430 1528 2496 multa
1553 2430 1761 2496 verba
1790 2430 2224 2495 intermortua
2253 2435 2368 2493 aut
2406 2424 2675 2512 sepulta
2715 2461 2721 2467 ·

480 2524 742 2614 referre,
770 2549 926 2613 quae
971 2531 1236 2597 scilicet
1273 2533 1343 2598 in
1389 2533 1600 2600 alium
1646 2534 1874 2600 locum
1920 2532 2324 2610 reservabat,
2379 2528 2560 2616 quod
2606 2537 2676 2594 et

481 2630 631 2712 ipse
661 2635 940 2697 testatur
968 2633 1241 2699 alicubi.
1300 2634 1485 2701 Audi
1512 2635 1703 2701 illum
1733 2638 1801 2702 in
1824 2655 1991 2701 voce
2027 2631 2309 2699 Tatium.-
2361 2637 2381 2668 ‘
2404 2632 2694 2703 Tatium,
2725 2629 2730 2634 ’

486 2729 793 2798 occisum
844 2736 943 2801 ait
995 2736 1264 2803 Lavinii
1316 2738 1404 2803 ab
1438 2738 1674 2804 amicis
1704 2758 1933 2805 eorum
1955 2738 2342 2820 legatorum,
2373 2754 2546 2820 quos
2577 2736 2679 2801 in-

482 2835 882 2904 terfecerant
939 2839 1209 2906 Tatiani
1266 2843 1591 2923 latrones,
1649 2843 1772 2909 sed
1832 2842 2192 2928 sepultum*
2221 2843 2288 2906 in
2334 2840 2677 2906 Aventino

486 2937 808 3007 Laureto.
897 2941 1100 3022 Quod
1160 2944 1247 3010 ad
1297 2932 1859 3029 significationem
1910 2946 2258 3011 verborum
2309 2965 2442 3010 non
2463 2946 2686 3029 magis

484 3043 799 3124 pertinet,
827 3065 1031 3129 quam
1058 3048 1269 3113 multa
1299 3049 1434 3115 alia
1462 3055 1531 3115 et
1557 3051 1898 3134 praeterita
1909 3049 2054 3135 jam
2079 3058 2148 3115 et
2177 3049 2491 3134 deinceps
2520 3069 2676 3134 quae

485 3143 885 3212 referentur.’
946 3147 1086 3233 Ubi
1115 3170 1268 3216 cum
1298 3150 1481 3217 dicat
1506 3154 1752 3219 Festus
1782 3173 1856 3219 se
1873 3152 2020 3238 jam
2040 3154 2253 3219 multa
2275 3153 2679 3237 praeteriisse

488 3265 644 3332 quae
673 3247 992 3336 deinceps
1020 3253 1350 3321 relaturus
1382 3264 1584 3337 esset,
1617 3268 1843 3342 aperte
1872 3255 2214 3342 significat
2241 3277 2318 3322 se
2344 3276 2430 3322 ea
2457 3257 2679 3323 omnia

487 3348 556 3413 in
577 3349 785 3418 libros
805 3353 1154 3437 priscorum
1182 3356 1505 3423 verborum
1534 3379 1937 3427 reservasse.
1997 3360 2245 3446 Neque
2273 3361 2451 3426 enim
2465 3359 2679 3428 multa

490 3451 708 3520 adhuc
737 3455 812 3520 in
839 3457 1047 3524 libros
1070 3458 1146 3524 de
1173 3459 1499 3527 verborum
1518 3461 1971 3551 significatione
1990 3463 2318 3529 relaturus
2335 3470 2506 3541 erat,
2529 3483 2682 3529 cum

478 3554 626 3639 Jam
653 3557 741 3623 ad
768 3578 990 3627 eorum
1013 3568 1254 3631 metam
1286 3569 1726 3651 pervenisset.

577 3659 882 3728 Necesse
912 3670 1015 3730 est
1040 3666 1242 3751 igitur
1271 3669 1554 3737 Festum
1581 3672 1936 3758 scripsisse
1965 3669 2041 3737 de
2082 3670 2407 3737 verborum
2439 3665 2683 3756 signfi-

490 3761 748 3843 catione,
794 3774 866 3831 et
895 3765 971 3831 de
995 3769 1196 3836 verbis
1215 3772 1461 3858 priscis.
1552 3774 1971 3842 Posteriores
1993 3776 2138 3861 ejus
2169 3772 2682 3840 lucubrationes

488 3863 689 3982 plane
745 3868 1232 3954 interciderunt,
1290 3879 1523 3944 nescio
1570 3881 1772 3946 etiam
1820 3899 1907 3945 an
1953 3897 2251 3964 unquam
2296 3879 2364 3943 in
2401 3875 2683 3961 publico

489 3968 657 4035 visae
708 3971 863 4037 sint.
954 3975 1271 4044 Dubitari
1301 3988 1479 4047 certe
1506 3989 1735 4067 potest
1763 4003 1849 4049 an
1879 4004 1998 4049 eas
2024 3987 2261 4050 auctor
2290 3978 2683 4056 absolverit,

488 4072 599 4138 vel
644 4094 682 4139 e
730 4076 1041 4143 manibus
1088 4081 1233 4146 suis
1282 4084 1600 4166 emiserit,
1645 4105 2025 4172 quanquam
2061 4086 2146 4152 ad
2195 4103 2422 4152 earum
2453 4100 2684 4150 exem·

490 4175 678 4257 plum
701 4175 1102 4263 Fulgentius
1131 4182 1490 4252 Placiades
1520 4188 1757 4254 librum
1785 4209 1985 4255 unum
2016 4187 2447 4273 inscripsisse
2491 4184 2682 4255 vide-

491 4284 634 4347 tur:
684 4278 1005 4369 Expositio
1037 4306 1384 4354 sermonum
1409 4289 1806 4379 antiquorum
1833 4311 1968 4357 cum
1998 4290 2382 4357 testimoniis.
