3020 4853
683 384 783 432 1)ss
830 384 1245 437 VBRBORUM
1295 388 1912 440 smuwlos'rlouss
1962 394 2106 443 Lm.
2154 394 2203 444 1.

2444 382 2531 450 99

350 527 715 596 Audacia·
737 531 835 596 ab
856 530 1080 611 aride,
1102 532 1171 597 id
1205 538 1330 610 est,
1360 533 1608 618 cupide
1639 537 1924 621 agendo,
1954 537 2133 606 diota
2162 546 2286 608 est.

350 632 700 699 Audacius
728 635 1078 719 pluraliter
1108 636 1283 703 Cato
1308 638 1501 703 dixit.

350 734 607 801 Audax
635 736 1096 805 diminutivum
1126 739 1294 806 facit
1322 740 1720 810 audaculus.

349 839 828 921 Audivitavi,¹⁸
860 861 1044 928 saepe
1072 842 1316 910 audivi.

349 943 729 1010 Aventinus
746 954 773 981 ¹
802 965 998 1011 mons
1024 946 1200 1012 intra
1227 948 1455 1013 urbem
1486 948 1706 1017 dictus
1735 958 1887 1037 est3
1930 955 2105 1039 quod
2135 958 2232 1024 ibi
2258 980 2377 1026 rex
2407 960 2531 1028 Al-

436 1048 761 1115 banorum
787 1049 1162 1117 Aventinus
1206 1051 1386 1118 bello
1432 1053 1633 1122 suerit
1672 1057 2031 1139 extinctus,
2074 1067 2277 1148 atque
2306 1067 2528 1149 sepul-

439 1157 573 1216 tus.

353 1250 622 1320 Averer
648 1256 812 1321 nihil
842 1255 1025 1352 aliud
1065 1262 1189 1335 est,
1229 1278 1432 1344 quam
1477 1281 1760 1346 cupere:
1807 1273 2200 1349 argumento
2245 1276 2347 1336 est
2384 1273 2528 1338 avi-

442 1358 627 1436 dum,
656 1365 726 1423 et
753 1358 1145 1426 aviditatem
1163 1383 1183 1444 3
1204 1370 1255 1413 ¹⁹
1292 1381 1382 1427 ex
1410 1364 1656 1448 quibus
1683 1369 2033 1453 praecipua
2061 1373 2402 1456 cupiditas
2431 1376 2531 1440 in-

438 1461 778 1544 telligitur,
806 1482 962 1528 cum
991 1462 1316 1547 significet
1342 1471 1409 1532 et
1442 1468 1761 1551 gaudere.

351 1561 582 1628 Aves⁸
611 1566 698 1629 ab
726 1563 1019 1631 adventu
1045 1587 1272 1634 earum
1303 1569 1627 1655 dicuntur,
1650 1573 1828 1658 quod
1857 1573 2010 1641 inde
2032 1576 2328 1658 veniant,
2352 1582 2530 1648 unde

439 1665 593 1750 quis
617 1687 747 1732 non
778 1669 1180 1754 suspicetur.

349 1764 632 1851 Augur·
659 1770 744 1835 ab
775 1772 1037 1851 avibus„
1069 1775 1486 1862 gerendoque
1512 1779 1769 1863 dictns;
1800 1782 1963 1867 quia
1990 1803 2112 1868 per
2133 1803 2285 1850 eum
2312 1785 2533 1851 avium

440 1877 669 1953 gestus
699 1873 1061 1943 ediscitur:
1084 1883 1142 1916 ²⁰
1190 1879 1335 1946 sive
1386 1882 1472 1945 ab
1518 1882 1743 1949 avium
1790 1886 2074 1969 garritu:
2117 1886 2292 1953 unde
2323 1895 2393 1952 et
2422 1905 2540 1997 au-

440 1976 717 2058 gurium.

1265 2114 1632 2140 moneo-0000

420 2229 484 2274 18
514 2225 652 2277 Seal.
674 2234 730 2277 et
760 2226 896 2279 Dae.
929 2228 1203 2293 legendum
1240 2244 1470 2302 monent,
1506 2242 1567 2288 ut
1604 2237 1660 2288 in
1696 2245 1828 2290 vett.
1861 2240 1983 2293 edd.
2014 2241 2404 2295 duditant—19
2436 2243 2546 2293 Alii

344 2289 711 2342 «vidum—2⁰
745 2290 850 2344 Alii
870 2293 1047 2349 editur.

1333 2412 1556 2467 NOTAE

348 2502 508 2554 Circo
521 2503 752 2556 additum
761 2511 946 2558 nactam
961 2507 1254 2562 dicebatur.
1283 2510 1407 2562 Am·

222 2640 235 2649 ι
345 2579 616 2643 pliabatur
629 2588 801 2632 autem
825 2584 1024 2648 Circus,
1038 2586 1237 2649 opinor,
1254 2602 1406 2654 prop·

346 2663 434 2705 ter
457 2655 605 2706 ludos
627 2655 1026 2723 frequentiores.
1061 2662 1212 2713 Iden.

416 2739 440 2765 ⁸
473 2732 716 2798 Audacia]
751 2734 939 2800 Inepte
970 2738 1177 2803 Festus,
1208 2741 1408 2792 audacia

344 2808 488 2859 euim
506 2810 572 2868 ab
583 2812 747 2874 audeo,
765 2812 899 2877 quod
914 2813 1129 2879 abaveo,
1146 2817 1339 2869 inserto
1353 2821 1409 2884 d,

348 2894 413 2936 ut
429 2900 460 2938 a
484 2889 500 2917 ‘
519 2889 718 2952 gaveo‚'
736 2891 752 2919 ⁸
779 2891 1016 2954 gaudeo?
1050 2894 1203 2946 Idem.

412 2971 440 3000 ¹
474 2964 764 3032 Auentinus]
796 2966 880 3019 Ab
903 2969 1157 3021 Aventino
1192 2985 1298 3022 ιιι.
1326 2988 1408 3025 re-

346 3053 417 3103 ge
454 3039 793 3095 Albanorum.
848 3044 962 3095 Liv.
986 3045 1077 3097 lib.
1112 3061 1151 3098 1.
1185 3049 1201 3076 ⁸
1228 3048 1318 3112 1s,’
1339 3048 1410 3100 A·

348 3115 615 3181 ventinus,
643 3118 660 3145 ⁸
682 3119 917 3183 sepultus
954 3120 1007 3170 in
1048 3135 1111 3172 eo
1145 3122 1277 3174 colle
1321 3124 1411 3189 qui

345 3206 491 3242 nunc
508 3200 592 3243 est
615 3208 736 3258 pars
759 3195 1004 3248 Romane
1043 3198 1201 3264 urbis,
1224 3215 1409 3266 cogno·

346 3280 473 3318 rnen
495 3267 614 3318 colli
648 3267 811 3320 fecit?
865 3272 1049 3325 Plures
1077 3275 1297 3328 nominis
1331 3291 1412 3328 ra·

350 3343 525 3393 tiones
549 3342 704 3395 affert
724 3346 891 3398 Varro
928 3349 1020 3402 lib.
1055 3364 1136 3401 tv.
1172 3352 1239 3403 de
1267 3355 1325 3405 L.
1347 3354 1410 3406 L.

348 3426 368 3448 ⁴
395 3419 712 3471 Aventinum
752 3422 946 3489 aliquot
989 3426 1055 3476 de
1111 3429 1283 3479 causis
1334 3430 1411 3484 di·

351 3503 499 3547 cunt.
550 3498 598 3546 N
605 3497 764 3547 aevius
787 3498 854 3549 ab
875 3501 1076 3567 avibus,
1105 3504 1243 3569 quod
1266 3518 1330 3555 eo
1352 3519 1409 3556 se

352 3569 423 3619 ab
443 3570 615 3622 Tiberi
636 3572 831 3623 ferrent
863 3589 1004 3628 aves.
1067 3577 1175 3630 Alii
1197 3580 1263 3631 ab
1287 3595 1413 3647 rege

348 3646 616 3698 Aventino
637 3648 860 3714 Albano,
890 3652 1029 3717 quod
1051 3654 1121 3705 ibi
1143 3655 1213 3705 sit
1245 3657 1415 3722 sepul·

354 3731 461 3774 tus.
521 3723 630 3775 Alii
650 3725 715 3776 ab
730 3726 955 3779 adventu
978 3730 1256 3793 bominum,
1276 3734 1415 3800 quod

352 3814 627 3851 commuue
649 3802 950 3856 Latinorum
970 3806 1042 3859 ibi
1081 3808 1263 3860 Diana
1288 3819 1415 3862 tem-

353 3875 497 3941 plum
519 3875 588 3926 sit
618 3879 979 3933 constitutum.
1042 3883 1156 3948 Ego
1188 3888 1412 3938 maxime

354 3960 485 4017 puto
519 3953 585 4004 ab
620 3952 872 4007 advectu:
908 3971 1024 4008 nam
1056 3960 1178 4012 olim
1212 3963 1411 4026 paludi·

353 4030 452 4080 bus
489 4045 640 4081 mons
673 4039 789 4083 erat
808 4033 874 4084 ab
911 4035 1120 4101 reliquis
1142 4037 1413 4099 disclusus,

352 4104 530 4170 itaque
551 4120 615 4156 eo
637 4120 705 4156 ex
742 4107 870 4157 urbe
902 4109 989 4173 qui
1026 4111 1414 4165 advehebantur

354 4181 573 4245 ratibus,
588 4182 925 4247 quadrantem
943 4186 1245 4241 solvebant?
1277 4190 1412 4243 Bne

357 4256 544 4322 varro,
566 4265 625 4312 et
658 4258 904 4316 Varronis
929 4264 1243 4318 senteutiam
1279 4265 1412 4321 infra

1486 2521 1696 2567 secutus
1718 2517 1900 2568 Festus
1920 2525 2039 2583 post
2062 2518 2298 2569 Nouerca.
2353 2519 2546 2569 Locum

1488 2589 1594 2641 adi.
1640 2591 1786 2643 Idem
1810 2594 1979 2645 Varro
2002 2602 2177 2645 tamen
2202 2595 2255 2645 in
2279 2600 2436 2658 gente
2457 2609 2548 2658 po·

1485 2668 1596 2733 puli
1617 2670 1780 2722 Rom.
1814 2671 1958 2737 dicit,
1991 2677 2007 2702 ⁴
2026 2671 2248 2723 Sabinos
2269 2687 2301 2722 a
2324 2671 2549 2722 Romulo

1485 2754 1757 2812 susceptos
1799 2748 1958 2800 istum
1997 2749 2262 2813 accepisse
2302 2756 2551 2812 montem,

1487 2836 1642 2888 quem
1679 2822 1747 2874 ab
1799 2822 2021 2889 Avente,
2067 2822 2227 2875 fluvio
2267 2824 2550 2888 provincia

1486 2901 2027 2966 sua-‚appellaverunt
2037 2900 2391 2951 Aventinum.'
2413 2898 2550 2949 Vide

1487 2973 1729 3025 Servium
1777 2976 1832 3026 in
1880 2990 2004 3027 vm.
2044 2976 2244 3026 AEneid.
2302 2976 2550 3027 Ceterum

1486 3048 1800 3116 Aventinus,
1841 3066 1874 3102 a
1912 3054 2078 3103 Remo
2118 3051 2323 3103 Romuli
2366 3051 2551 3110 fratre,

1488 3126 1800 3190 Remurius3
1833 3143 1865 3178 a
1892 3129 2111 3180 Mareia
2132 3128 2394 3180 Socordiae
2417 3128 2551 3178 Deae

1489 3204 1702 3261 sacello,
1739 3205 2010 3266 Mureius3
2054 3219 2087 3255 a
2128 3205 2313 3255 Dianae
2351 3203 2552 3270 templo

1489 3281 1639 3331 collis
1657 3281 1840 3332 Diauae
1862 3281 2054 3331 dictus.
2086 3281 2242 3332 Idem·

1555 3361 1580 3398 ἵ
1613 3355 1793 3420 Avere]
1828 3356 2052 3422 Cupere.
2090 3354 2262 3406 Lucil.
2285 3355 2302 3385 ⁴
2327 3352 2554 3405 Parasiti

1491 3438 1648 3482 avent
1672 3430 1911 3482 divitias-³
1963 3432 2096 3482 Inde
2114 3433 2129 3459 ‘
2156 3430 2375 3495 avidus:
2407 3435 2422 3460 ‘
2448 3430 2555 3480 avi·

1491 3505 1632 3558 ditas
1649 3507 1686 3569 ς’
1729 3515 1789 3559 ut
1834 3523 1867 3560 a
1907 3508 2127 3573 ‘nalem’
2168 3509 2185 3537 ‘
2212 3506 2471 3570 calidus3'
2523 3521 2557 3556 a

1490 3584 1507 3612 ‘
1537 3583 1750 3648 torreo,’
1797 3583 1816 3613 ‘
1840 3584 2098 3638 torridus:
2184 3583 2335 3634 Infra
2378 3591 2556 3634 tamen

1492 3659 1681 3710 Festus
1717 3661 1886 3711 addus
1923 3675 1956 3711 a
1996 3674 2100 3711 non
2148 3659 2395 3711 videndo.
2449 3659 2556 3709 Ubi

1492 3737 1605 3801 ejus
1629 3737 2026 3789 inconstantiam
2051 3738 2185 3790 ride.
2219 3739 2374 3788 Idm

1559 3821 1581 3847 ⁸
1610 3813 1767 3879 Aves]
1814 3814 2007 3864 Melius
2046 3813 2281 3864 Isidorus
2320 3811 2410 3862 lib.
2452 3823 2558 3864 xu-

1492 3889 1800 3952 Originum:
1833 3889 1971 3956 quod
2004 3891 2020 3918 ⁸
2046 3902 2140 3953 per
2179 3888 2296 3938 avia
2334 3901 2555 3953 quaeque

1492 3964 1828 4015 discurrant?
1863 3964 2016 4016 Idem.

1556 4047 1581 4075 ⁸
1613 4040 1808 4106 Augur]
1833 4040 1917 4093 Ab
1940 4040 2110 4094 avium
2134 4048 2307 4106 gestu,
2326 4039 2463 4106 quod
2489 4053 2556 4088 ex

1489 4116 1646 4168 modo
1666 4131 1771 4183 quo
1790 4132 1845 4168 se
1867 4126 2057 4183 gerunt
2091 4133 2212 4169 aves
2248 4120 2303 4171 in
2333 4116 2557 4168 volando

1488 4192 1665 4245 futura
1683 4195 2016 4258 pmnuntiet.
2063 4194 2195 4246 Inde
2226 4201 2282 4246 et
2302 4192 2556 4257 asum-ism

1489 4271 1637 4337 qussi
1658 4270 1941 4336 avigerium.
1998 4270 2103 4325 Ani
2121 4272 2187 4323 ab
2211 4272 2379 4322 avium
2401 4275 2557 4334 gustu
