3020 4853
543 384 638 430 DE
689 383 1097 431 VERBORUM
1145 382 1761 431 smmmoATloNB
1810 384 1954 431 LlB.
2002 385 2166 432 xvl.

2298 371 2426 437 761

251 527 545 594 Retiario
567 532 596 574 Β
642 529 959 612 pugnanti
991 529 1320 594 adversus
1367 529 1830 594 mirmillonern
1878 536 2218 597 cantatur:
2274 532 2338 599 N
2341 554 2425 597 on

330 639 394 697 te
438 638 616 715 pem,
661 632 920 714 piscem
967 638 1166 714 peto:
1212 631 1374 716 quid
1419 652 1522 696 me
1556 631 1759 714 fugiS,
1792 632 2034 699 Galle?
2080 634 2233 717 quia
2275 637 2428 699 mir-

326 735 730 800 millonicum
764 753 971 813 genus
1000 741 1351 799 armaturae
1402 734 1742 800 Gallicum
1775 745 1905 812 est,
1955 736 2220 820 ipsique
2271 738 2424 802 mir-

324 838 625 902 millones
672 842 824 900 ante
880 837 1062 902 Galli
1138 837 1671 921 appellabantur,
1732 840 1799 902 in
1856 858 2136 923 quorum
2208 840 2421 921 galeis

325 940 529 1022 piscis
554 937 801 1021 effigies
831 939 1061 1004 inerat.

1150 940 1312 1004 Hoc
1363 948 1590 1007 antem
1619 961 1831 1024 genus
1883 960 2128 1026 pngnae
2160 943 2423 1008 institu-

1216 1169 1430 1220 NOTAE

235 1281 367 1331 inter
409 1288 682 1347 utrumqne
726 1281 970 1334 fructum.
1037 1285 1284 1334 Ferreum
1366 1294 1558 1338 mestre
1580 1288 1774 1345 extitit,
1792 1287 1944 1352 quale
1966 1287 2283 1337 lrodieomne
2306 1300 2422 1335 nos·

232 1360 425 1423 spicum
471 1361 725 1410 vocabant
768 1362 1048 1411 sativos-um
1083 1376 1284 1411 ornnem
1367 1371 1472 1413 tras
1495 1372 1592 1415 est.
1654 1366 1742 1415 Sic
1763 1365 1963 1414 duobus
1998 1364 2144 1413 annis
2168 1361 2421 1413 continuis

230 1436 449 1487 fructum
495 1439 582 1503 qui
640 1437 799 1502 spicis
853 1439 1168 1503 continetur,
1223 1454 1283 1489 ac

229 1515 358 1563 vallo
392 1515 663 1565 aristarum
687 1516 945 1565 munitur:
983 1531 1082 1581 quo
1119 1517 1167 1565 in
1194 1531 1282 1580 ge·

226 1606 346 1642 nere
379 1608 484 1643 non
513 1595 675 1644 solnm
711 1592 807 1654 far,
839 1595 1006 1659 siligo,
1028 1595 1276 1660 triticum,

227 1670 316 1719 sed
371 1673 533 1720 etiam
581 1670 848 1721 hordeum.
927 1671 1060 1721 Haee
1110 1673 1278 1722 omnia

223 1745 467 1795 frumenti
508 1747 709 1796 nomine
756 1748 1276 1811 comprehendebant.

223 1821 488 1871 Hordeum
522 1824 658 1886 apud
689 1831 894 1874 veteres
924 1826 1180 1878 Romanos
1202 1827 1276 1875 in-

220 1906 301 1947 ter
322 1901 629 1964 sementiva,
647 1914 743 1950 nee
767 1903 967 1951 satione
990 1916 1166 1967 verna,
1188 1910 1278 1953 ant

221 1975 471 2027 trimestri
493 1978 782 2042 serebatur,
804 1987 862 2029 nt
883 1979 1022 2043 apud
1049 1994 1163 2042 nos,
1186 1982 1278 2031 sed

217 2054 469 2118 hyberna,
512 2056 692 2106 eodem
735 2072 942 2121 prorsus
988 2059 1139 2110 modo
1178 2075 1278 2123 qno

218 2133 467 2182 triticum.
537 2133 802 2184 cavebant
856 2136 1014 2199 igitur
1059 2137 1278 2200 praedio-

225 2223 329 2259 rum
370 2211 649 2274 locatores,
687 2225 751 2260 ne
791 2212 876 2276 qni
922 2226 983 2260 ea
1021 2211 1275 2262 conduce-

222 2285 361 2350 bant,
392 2285 678 2338 restibilem
713 2302 890 2349 agrum
923 2285 1097 2338 farreo
1132 2288 1276 2351 spico

220 2360 472 2426 facerent,
494 2363 592 2412 boc
615 2369 711 2419 est,
733 2370 789 2412 ut
813 2377 878 2412 ne
902 2361 1100 2412 duobus
1127 2364 1275 2413 annis

221 2441 476 2490 continuis
511 2439 656 2502 fruge
691 2441 902 2490 aristata
932 2455 1108 2504 agrum
1131 2441 1276 2491 obse·

220 2524 407 2567 rereut.
479 2519 620 2581 Ergo
655 2518 900 2568 restibilis
942 2533 1065 2581 ager
1101 2519 1275 2569 dicen-

222 2594 312 2644 dus
335 2602 537 2646 tantum
561 2595 648 2660 qui
684 2596 899 2645 aristato
933 2610 1123 2659 genere
1148 2595 1273 2645 duo-

218 2673 310 2722 bus
334 2672 594 2724 continuis
618 2673 761 2721 annis
783 2673 1089 2723 conseritur.
1138 2673 1274 2723 Nam

217 2749 460 2800 restibilis
508 2763 608 2798 non
653 2755 752 2812 est,
791 2763 907 2797 curn
950 2748 1001 2797 in
1041 2750 1272 2798 novalem

218 2827 442 2877 mittitur
475 2825 617 2889 faba,
651 2839 768 2890 quae
804 2824 997 2873 novalis
1032 2839 1165 2875 anno
1189 2839 1273 2874 eo·

215 2903 329 2952 dem
367 2903 602 2968 hyberna
639 2901 837 2950 satione
879 2908 1160 2964 acceptura
1192 2909 1273 2951 est

213 2980 547 3032 frumentum.
581 2978 964 3042 Theophrastus
988 2985 1153 3042 notat,
1170 2979 1274 3043 pla-

214 3063 331 3108 cere
354 3056 658 3124 quibusdam
684 3054 817 3105 fabae
839 3067 1014 3103 semen
1038 3055 1270 3105 mandari

216 3127 516 3187 novalibus:
554 3135 688 3200 quod
714 3148 809 3183 nec
846 3134 959 3197 ipse
988 3133 1270 3197 improbat,

213 3214 362 3265 modo
386 3214 440 3263 id
476 3213 726 3263 maturius
757 3210 870 3274 fiat,
893 3218 951 3260 ut
986 3224 1051 3260 ne
1090 3212 1271 3260 aestiva

210 3291 366 3342 νέασις
405 3290 739 3354 impediatur.
809 3289 961 3338 Haud
1005 3288 1153 3339 video
1190 3299 1270 3340 ta·

211 3382 323 3419 men
341 3368 596 3435 quomodo
615 3367 820 3417 biennio
842 3369 1089 3417 continuo
1113 3366 1269 3432 frngi-

211 3446 302 3496 bus
337 3446 568 3495 aristatis
606 3443 776 3494 obseri
817 3445 975 3507 possit
1006 3458 1151 3507 ager,
1180 3446 1269 3494 ob·

207 3524 426 3573 servatis
452 3521 618 3571 tribus
654 3522 771 3583 illis,
793 3529 883 3570 aut
917 3522 1072 3570 etiam
1110 3521 1267 3584 pluri·

211 3599 304 3648 bns
321 3599 662 3661 arationibus,
677 3598 745 3647 de
765 3597 950 3663 quibus
964 3612 1116 3661 snpra
1134 3599 1266 3647 dixi·

208 3690 335 3728 mus.
402 3677 468 3726 In
501 3682 680 3725 tenera
703 3673 923 3724 fortasse
951 3682 1092 3725 terra
1114 3676 1165 3724 id
1192 3676 1264 3725 lo·

207 3771 321 3807 cum
343 3756 605 3821 habuerit,
629 3758 711 3807 cui
731 3757 857 3807 satis
880 3762 962 3805 est
989 3755 1122 3804 arari
1143 3755 1264 3803 dnm

206 3835 425 3884 seritnr=
463 3841 552 3883 atrt
576 3836 617 3883 si
637 3823 850 3884 secundi
875 3833 991 3882 anni
1014 3833 1264 3881 sationem

206 3927 268 3960 ex
292 3913 539 3962 trimestri
558 3912 750 3961 semine
769 3910 945 3974 facias,
964 3916 1020 3959 ut
1037 3923 1127 3958 nos
1145 3921 1264 3957 eon·

205 3991 462 4040 saevimus
487 3988 536 4037 in
565 3987 778 4046 hordeo,
801 3994 857 4036 et
881 4001 1060 4036 avena.
1122 3985 1260 4034 Sane

205 4078 254 4116 et
281 4081 443 4132 genus
467 4064 709 4115 frumeuti
745 4065 846 4115 fuit
869 4065 1136 4114 aristatum
1171 4062 1261 4113 tri-

205 4152 414 4193 mestre.
512 4140 788 4192 Veteribus
857 4140 1261 4204 cognitissimnm

205 4221 382 4270 Graeci
437 4218 660 4282 τρίμηνον
712 4218 993 4283 appeliant.
1061 4216 1265 4267 Hordei

204 4297 357 4347 etiam
397 4310 559 4362 genus
596 4297 647 4346 in
689 4296 901 4346 aristato
940 4308 1130 4360 genere
1169 4294 1260 4344 tri·

1365 1439 1538 1491 farreo
1582 1443 1730 1507 spico
1770 1449 1977 1506 poterat
2014 1455 2137 1505 ager
2177 1438 2419 1489 restibilis

1362 1516 1494 1583 fieri,
1509 1520 1644 1583 quod
1664 1519 1997 1583 excipiebant
2015 1519 2265 1568 locatores
2285 1530 2419 1583 prae-

1362 1593 1559 1644 diorum
1584 1610 1649 1645 ne
1675 1594 1845 1645 fleret.
1914 1594 1983 1644 Et
2004 1606 2129 1643 sane
2165 1592 2217 1641 id
2240 1591 2419 1641 sedulo

1356 1672 1611 1724 cavebant
1644 1680 1849 1723 veteres
1879 1670 2158 1736 Agricolae,
2203 1684 2269 1719 ne
2310 1667 2420 1717 frn-

1358 1755 1590 1799 mentum
1626 1749 1837 1800 biennio
1875 1748 2118 1799 continuo
2155 1747 2308 1796 terris
2346 1745 2420 1793 in·

1359 1834 1622 1894 gererent,
1647 1830 1737 1879 sed
1772 1825 2132 1893 leguminibus,
2156 1830 2248 1874 aut
2279 1822 2418 1872 milio

1359 1913 1414 1954 et
1444 1903 1653 1971 panico,
1673 1914 1764 1956 ant
1787 1906 1942 1956 etiam
1967 1904 2102 1967 rapis
2131 1898 2418 1951 restibilem

1359 1996 1536 2044 agrum
1575 1981 1856 2045 faciebant,
1891 1982 1935 2030 si
1974 1979 2126 2029 modo
2171 1975 2417 2027 restibilis

1358 2073 1483 2123 ager
1522 2058 1694 2110 dictus
1730 2068 1808 2109 est
1843 2059 1928 2123 qui
1973 2056 2164 2107 diversi
2213 2051 2418 2120 generis

1359 2131 1506 2195 fruge
1545 2135 1889 2184 seminaretur
1932 2131 2220 2198 quotannis.
2288 2129 2419 2178 Pro·

1358 2208 1499 2260 fecto
1525 2210 1807 2260 restibilem
1824 2211 1990 2258 Varro
2006 2222 2118 2257 earn
2135 2211 2288 2255 vocat
2313 2210 2419 2253 ter·

1358 2299 1466 2335 ram
1488 2300 1604 2351 qun
1623 2285 1897 2350 quotannis
1911 2284 2082 2333 obsita
2103 2284 2190 2345 sit,
2209 2295 2306 2330 nec
2328 2284 2416 2331 ek*

1358 2363 1547 2426 pressit
1583 2377 1683 2428 quo
1706 2376 1895 2426 genere
1926 2360 2151 2424 frugum.
2217 2356 2420 2406 Salmas.

1355 2441 1406 2490 in
1428 2439 1581 2491 Solia.
1647 2440 1903 2490 Putabam
1934 2438 2055 2488 olim
2089 2436 2249 2486 verba
2273 2435 2417 2484 Festi

1356 2518 1564 2567 inversa
1586 2531 1719 2582 esse,
1737 2523 1792 2566 et
1815 2530 1931 2565 enm
1952 2514 2235 2579 scripsisse,
2255 2514 2417 2562 Resti-

1355 2594 1466 2644 bilis
1497 2609 1616 2657 ager
1652 2593 1829 2642 dicitur
1866 2592 1949 2655 qui
1985 2591 2169 2640 &ennio
2200 2590 2416 2640 continuo

1354 2672 1533 2723 seritur
1554 2672 1675 2737 quod
1693 2669 1857 2735 nefrat
1880 2668 2051 2730 farreo
2075 2668 2223 2731 spico,
2248 2666 2300 2715 id
2326 2670 2416 2723 est,

1353 2751 1571 2811 aristeto,
1590 2750 1739 2797 solent
1778 2748 1858 2810 qui
1887 2746 2073 2809 praedio
2106 2746 2258 2792 locoru
2285 2742 2413 2793 exci-

1348 2842 1476 2890 pere.
1542 2826 1711 2876 Plano
1745 2832 1801 2873 et
1834 2823 2029 2886 optimo
2064 2833 2237 2869 sensu.
2307 2819 2416 2868 Ne·

1353 2918 1453 2969 que
1498 2903 1633 2951 enim
1674 2897 2008 2962 excipiebant
2046 2897 2297 2945 locatores
2350 2908 2416 2943 ne

1352 2981 1551 3045 predia
1582 2978 1852 3044 quotannis
1886 2982 2201 3038 sererentur,
2222 2972 2313 3024 sed
2348 2989 2414 3024 ne

1352 3057 1526 3108 farreo
1546 3057 1708 3121 spico.
1730 3056 1856 3105 Dae.

1416 3141 1442 3178 ⁸
1475 3130 1721 3194 Betim-id
1757 3132 1979 3182 Retiarii
2014 3130 2335 3194 gladiatores
2357 3143 2413 3178 e·

1351 3221 1468 3262 rant
1490 3212 1714 3262 inermes
1737 3211 1787 3258 in
1825 3210 1933 3258 sola
1972 3209 2167 3273 tunica,
2191 3214 2305 3257 rete
2334 3209 2417 3271 ja-

1349 3291 1466 3340 enlo
1504 3296 1706 3339 tantum
1740 3294 1794 3336 et
1828 3285 2033 3335 fuscina
2068 3286 2269 3347 annoti,
2301 3284 2411 3347 ple·

1348 3380 1568 3432 rumque
1605 3379 1721 3415 eum
1768 3362 2108 3424 secutoribus,
2150 3359 2411 3409 interdum

1349 3444 1506 3493 etiam
1540 3457 1656 3491 enm
1693 3437 2104 3504 Myrmillonibas
2144 3448 2411 3497 compara-

1347 3521 1553 3570 bantur.
1618 3515 1975 3579 Myrmillones
2019 3511 2115 3561 toti
2160 3517 2310 3559 erant
2355 3512 2411 3559 in

1348 3597 1521 3658 armis,
1542 3594 1683 3646 Galli
1705 3592 1853 3651 dieti,
1877 3587 2011 3654 quod
2041 3587 2245 3637 Gallica
2268 3593 2411 3636 esset

1346 3687 1523 3723 eorum
1585 3677 1857 3719 armatura.
1938 3665 2112 3715 schol.
2165 3664 2408 3715 Juvenal.

1345 3751 1456 3800 Sat.
1496 3761 1622 3798 vur-
1666 3745 1682 3772 ‘
1708 3743 2142 3806 Myrmillonicum
2187 3748 2410 3790 armatu·

1347 3841 1418 3875 τω
1443 3838 1603 3890 genus
1629 3822 1885 3873 Gallicum
1910 3826 2010 3882 est,
2032 3818 2237 3882 ipsique
2260 3818 2407 3883 Myr.

1345 3903 1581 3962 millones
1604 3907 1758 3948 antea
1779 3895 2193 3959 appellabantur,
2214 3893 2264 3942 in
2279 3908 2406 3958 quo·

1344 3994 1457 4029 rum
1510 3975 1691 4028 Galeis
1746 3973 1900 4038 piscis
1943 3969 2144 4034 effigies
2180 3969 2410 4022 inerat!

1342 4056 1673 4121 Myr-nnuma
1708 4050 1918 4118 quldam
1955 4048 2120 4098 dictos
2161 4047 2340 4096 volunt
2373 4060 2406 4096 a
