3020 4853
478 386 575 432 DE
625 388 1036 439 vERBoRUM
1087 390 1704 443 slommcs'rlonss
1754 396 1901 444 Lm.
1948 399 2110 449 XVI.

2280 392 2416 458 753

218 527 560 611 Repetia¹²
603 533 926 615 postridie
957 535 1230 619 nuptias
1260 537 1440 620 apud
1488 559 1737 605 novum
1782 543 2095 610 maritum
2136 558 2412 616 cenatur

300 632 460 714 quia
479 634 676 715 quasi
705 635 997 701 reficitur
1020 639 1298 720 potatio.
1337 632 1680 707 Pacuuius
1704 644 1771 708 in
1803 644 2019 712 Iliona
2047 667 2066 710 ε
2094 650 2268 717 abeo
2291 654 2407 719 de-

298 734 567 815 pulsum
582 754 873 802 mamma
901 739 1481 823 paedagogandum
1509 747 1758 830 accipit
1783 752 2159 833 apportalis
2190 755 2379 822 liber.

212 833 516 921 Repetia
541 840 871 921 postridie
913 846 1186 926 nuptias
1232 848 1414 930 apud
1469 866 1726 916 novum
1778 855 2087 921 maritum
2137 857 2406 936 [Pauo.

297 947 590 1019 cenatur,
621 945 783 1026 quia
811 948 1008 1030 quasi
1037 948 1340 1029 reficitur⁴
1361 954 1648 1035 potatio.

213 1039 621 1129 Repudium,
652 1047 834 1131 qnod
863 1048 939 1113 fit
966 1051 1055 1117 ob
1081 1070 1225 1117 rem
1252 1054 1656 1137 pudendam,
1686 1059 2129 1143 appellatum.

210 1143 649 1227 Repudium⁰
680 1148 958 1216 Verrius
989 1156 1084 1220 ait
1133 1153 1409 1234 dictum,
1462 1159 1646 1242 quod
1687 1161 1773 1228 fit
1821 1164 1912 1228 ob
1952 1183 2088 1228 rem
2142 1166 2394 1250 [Fsss'r.

290 1246 700 1329 pudendam.
753 1250 1019 1322 Attius:
1066 1255 1382 1341 Repudio
1416 1262 1632 1345 ejecta
1659 1265 1745 1328 ab
1772 1264 1970 1351 Argis
1986 1267 2396 1353 jamdudum

205 1448 567 1536 Repulsior
623 1459 920 1524 secunda
960 1461 1339 1528 conlatione
1395 1464 1570 1533 dixit
1622 1467 1794 1536 Cato
1845 1472 1916 1537 in
1965 1492 2070 1553 ea,
2116 1496 2272 1560 quae
2302 1484 2409 1542 est

289 1562 526 1622 contra
558 1558 933 1627 Cornelium
967 1563 1150 1646 apud
1190 1566 1539 1651 populum.
1632 1571 1780 1637 Nec
1812 1576 1964 1657 quis
1996 1584 2015 1623 ³
2055 1578 2398 1657 incultior,

289 1659 684 1742 religiosior,
715 1664 1059 1745 desertior,
1090 1668 1384 1751 publicis
1413 1674 1703 1755 negotiis
1736 1678 2087 1761 repulsior.

1109 1834 1482 1858 ΟΜΟΜΟΟ

266 1943 294 1987 3
329 1940 451 1990 Vet.
480 1941 566 1991 lib.
594 1944 717 1995 Hoec
738 1947 857 2010 quis.
924 1949 1043 2001 Vct.
1066 1951 1181 2001 cod.
1210 1952 1403 2017 Ecquis.

1177 2116 1393 2167 NOTAE

262 2208 286 2234 ¹³
319 2202 548 2267 Κορσεία]
580 2205 793 2258 Pacuvii
823 2210 983 2262 verbs
1013 2211 1256 2265 mendosa

203 2286 337 2329 sunt.
366 2280 490 2331 Ant.
514 2282 647 2345 Aug.

261 2356 496 2423 Repotiu]
534 2360 753 2411 Pacuvii
779 2377 949 2414 versus
978 2366 1254 2418 mendosus

200 2440 291 2482 est.
372 2435 460 2486 Ita
502 2439 740 2503 emenda,
797 2442 857 2490 ab
897 2458 951 2493 eo
994 2445 1255 2508 nepetam

198 2524 388 2562 manm-
404 2517 818 2579 paedagogandum
833 2523 1005 2585 accipit
1027 2524 1254 2586 nepotia-

197 2585 256 2636 lis
270 2588 402 2640 liber.
436 2592 792 2645 Glossarium:
817 2605 832 2625 ‘
849 2598 1057 2657 Reoria,
1076 2599 1257 2664 ἦτρὲτη

197 2665 290 2712 τῦν
305 2664 502 2727 ἀγάμων
520 2672 878 2735 ποδοστροφία.’
922 2674 940 2702 ‘
964 2677 1257 2739 Reperidia,

285 2817 318 2867 .'
370 2828 384 2849 ‘
403 2823 660 2886 Reproca‚
678 2825 863 2891 ἐπίβδα,
876 2828 908 2887 ἡ
921 2829 1145 2889 ueram-hu
1161 2833 1257 2895 ἑορ·

198 2891 312 2950 241⁷:
347 2896 600 2961 Instibus
615 2901 690 2949 his
706 2906 957 2967 exemplis
980 2907 1255 2969 legendum

201 2969 429 3034 Renoua.-
463 2985 520 3026 et
548 2992 642 3041 pro
676 2983 891 3045 σιτοδα,
927 2981 1117 3040 dur-1382,
1152 3000 1255 3048 quo

203 3046 362 3099 utitur
407 3052 688 3105 Pindarus.
773 3057 933 3121 Apud
995 3059 1255 3110 Acronem

204 3119 409 3176 Horatii
426 3129 770 3194 interpretem
801 3149 1075 3198 perperam
1100 3150 1257 3187 excu-

201 3209 309 3318 311111
330 3209 409 3251 est
429 3207 774 3272 mmmm,
803 3224 897 3273 pro
919 3213 1255 3276 ποδοστροφία.

242 3288 305 3324 os.
326 3276 451 3329 Stel.

262 3350 486 3417 Repoiia]
521 3357 625 3408 Sed
664 3360 717 3410 in
755 3364 991 3425 repet-iaia
1026 3367 1253 3430 Scalige-

200 3437 303 3476 rum
324 3428 430 3479 falli
471 3442 597 3496 puto
619 3453 635 3497 3
673 3453 843 3503 neque
882 3441 1016 3490 enim
1062 3458 1154 3504 pro
1188 3459 1253 3492 eo

200 3500 601 3561 substituendum
625 3516 828 3579 repotia,
850 3518 940 3567 sed
968 3521 1139 3582 potius
1180 3523 1252 3570 le·

201 3579 418 3637 gendum
438 3589 699 3648 repedids’u,
718 3593 827 3641 sive
851 3594 1023 3656 potius
1045 3598 1253 3658 repedie,

202 3657 337 3714 quasi
354 3666 609 3723 repedatio.
669 3668 918 3730 Explicat
935 3672 1070 3720 enim
1084 3675 1250 3734 podor-

204 3733 425 3793 lrvphimn
440 3740 768 3804 Graecorum,
786 3747 873 3809 qui
891 3747 1092 3797 scilicet
1118 3763 1142 3795 a
1155 3763 1250 3811 pe·

205 3803 346 3859 dibus
367 3812 625 3880 dixerant,
662 3822 799 3883 quod
841 3823 1011 3871 Latini
1036 3839 1066 3871 a
1102 3833 1251 3887 pota-

205 3880 338 3934 tione
367 3893 564 3953 repotia.
617 3895 718 3944 Sed
739 3896 854 3945 vide
875 3897 1144 3959 Cujacium
1160 3899 1249 3946 lib.

205 3965 317 4009 xvi.
346 3964 608 4021 observat.
643 3986 760 4035 cap.
784 3977 868 4022 89.
936 3975 1146 4038 Reponi«
1167 3977 1251 4025 alii

206 4040 497 4109 seeundum,
552 4047 637 4098 alii
670 4050 947 4111 septimum
993 4068 1025 4100 a
1064 4054 1255 4116 nuptiis

207 4108 333 4163 diem
347 4116 558 4174 faciunt.
572 4126 841 4176 Turnebus
853 4129 1092 4191 opinatur
1102 4131 1256 4181 etiam

204 4184 371 4241 liberis
391 4198 526 4249 natis
544 4201 806 4252 celebrata
823 4206 1023 4268 repotia,
1050 4222 1168 4272 quae
1202 4215 1259 4257 et

210 4260 340 4315 Acro
348 4275 649 4340 παιδοτρόφια
660 4279 868 4329 dixerit.
888 4281 990 4331 Sed
1003 4297 1185 4334 vereor
1201 4290 1258 4334 ut

330 4349 504 4416 Delph.
521 4365 569 4408 et
599 4360 713 4409 γαν.
735 4361 865 4411 Clas.

1135 4367 1302 4430 Pomp.
1329 4368 1376 4416 F
1378 4373 1446 4418 est
1453 4403 1464 4417 .

1336 2217 1458 2268 liuic
1502 2220 1735 2283 opinioni
1759 2235 1932 2270 ausam
1956 2222 2166 2272 dederit
2190 2223 2402 2274 Ausonii

1335 2293 1475 2344 locus
1499 2296 1633 2345 male
1655 2303 1998 2360 acceptus,et
2019 2299 2154 2347 alter
2173 2299 2401 2362 Horatii,

1336 2378 1394 2421 et
1420 2372 1546 2423 item
1571 2373 1671 2423 iste
1693 2374 1931 2424 Pacuvii.
2011 2373 2146 2424 Sane
2180 2376 2401 2426 Pacuvii

1336 2449 1494 2499 verba
1506 2450 1684 2513 jocum
1708 2464 1807 2500 non
1827 2450 1988 2499 cuivis
2009 2452 2218 2501 obvium
2238 2455 2405 2502 eonti-

1337 2539 1462 2576 nere
1501 2527 1777 2588 videntur-3
1821 2527 1886 2577 de
1930 2527 2085 2578 beato
2117 2528 2257 2578 enim
2289 2532 2400 2579 viro

1340 2601 1562 2666 quodam
1592 2603 1735 2653 dicta
1757 2610 1895 2662 sunt,
1916 2605 2000 2654 cui
2025 2604 2136 2668 ipso
2157 2606 2399 2667 repotiali

1339 2679 1425 2728 die
1470 2694 1600 2744 puer
1633 2681 1744 2743 jam
1779 2694 2000 2730 mamma
2034 2682 2303 2744 depulsus,
2343 2689 2401 2732 et

1238 2784 1256 2794 -
1330 2756 1441 2819 jam
1467 2757 1891 2821 paedagogandus
1916 2759 2140 2808 traditus
2160 2759 2247 2808 sit.
2288 2760 2398 2808 No-

1338 2844 1444 2882 tum
1470 2843 1547 2883 est
1576 2835 1735 2885 illud:
1777 2837 1884 2885 Τοῖς
1920 2835 2173 2897 ἐντυχοῦσι
2201 2835 2280 2885 καὶ
2298 2835 2399 2899 ‘rpi-

1335 2927 1459 2968 μηνα
1480 2909 1658 2960 παιδία.
1724 2919 1739 2941 ‘
1764 2911 2019 2961 Felieibus
2043 2912 2201 2961 tertio
2235 2912 2396 2961 etiam

1339 3001 1514 3036 meuse
1539 3002 1726 3049 pueros
1758 2987 1937 3037 nasei!
2002 2987 2199 3038 Merito
2236 2988 2397 3051 igitur

1338 3077 1395 3111 se
1414 3061 1680 3113 feliciores
1704 3064 1984 3128 deputent,
2001 3064 2187 3129 quibus
2214 3066 2400 3129 postri-

1336 3138 1422 3188 die
1446 3141 1658 3202 nuptias
1685 3142 1795 3204 jam
1838 3141 2058 3205 grandes
2096 3143 2243 3206 pueri
2260 3156 2399 3198 „oon-

1337 3216 1568 3279 tinguut,
1588 3219 1731 3282 qnasi
1749 3218 1815 3268 de
1840 3218 1971 3269 coelo
1996 3219 2141 3283 lapsi.
2175 3220 2301 3270 Dae.

1400 3299 1424 3324 ⁰
1458 3294 1755 3357 Repudium]
1808 3293 2002 3344 Differt
2056 3309 2088 3344 a
2152 3295 2397 3357 divortio,

1334 3369 1472 3431 quod
1510 3378 1591 3419 est
1621 3371 1892 3421 dissolutio
1926 3371 2258 3422 matrimonii.
2327 3373 2398 3420 Et

1333 3445 1580 3506 repudium
1601 3460 1701 3495 non
1725 3445 1877 3495 modo
1891 3445 2184 3509 nuptiarum
2207 3444 2396 3494 direm-

1337 3518 1549 3577 tionem,
1591 3521 1679 3569 sed
1707 3529 1763 3569 et
1795 3520 2170 3582 sponsaliorum
2208 3534 2396 3569 renun-

1337 3594 1605 3644 tiationem
1646 3594 1924 3658 siguificat.
1998 3596 2279 3645 Diam-tiam
2317 3596 2395 3646 in·

1338 3679 1417 3719 ter
1441 3673 1604 3720 virum
1628 3681 1683 3720 et
1702 3686 1914 3720 uxorem
1942 3679 2143 3722 tantum
2168 3672 2281 3723 fleri
2320 3674 2397 3722 di-

1332 3747 1484 3796 citur.
1554 3747 1823 3810 Repudium
1864 3748 2020 3797 etiam
2061 3750 2201 3798 inter
2240 3763 2394 3813 spon-

1331 3840 1435 3888 sos,
1470 3832 1529 3874 ut
1567 3833 1750 3874 auctor
1772 3834 1854 3875 est
1891 3826 2237 3891 Modestinus,
2280 3826 2393 3878 Dif-

1331 3899 1597 3951 ferentiar.
1631 3906 1710 3951 29.
1764 3902 1869 3952 Sed
1892 3910 1945 3952 et
1969 3909 1984 3931 ⁸
2004 3902 2300 3953 Divortium
2319 3903 2394 3952 fa-

1333 3992 1453 4028 cere
1479 3978 1496 4002 '
1543 3979 1761 4028 dicimus
1804 3980 1820 4005 ⁴
1844 3978 2110 4042 repudium
2151 3978 2396 4036 mitten-el

1336 4052 1704 4110 ‘renuntiare,’
1735 4055 1816 4103 vel
1849 4063 1864 4083 ‘
1887 4054 2098 4104 dicere.’
2164 4056 2298 4106 Cato
2327 4055 2395 4105 de

1338 4130 1493 4181 dote:
1572 4132 1705 4180 ‘Vir
1747 4146 1865 4181 cnm
1911 4132 2191 4181 divortium
2234 4131 2399 4182 fecit!

1337 4209 1553 4258 Terent.
1595 4210 1804 4259 Phorm.
1838 4209 1982 4258 ‘Illis
2021 4209 2294 4272 repudium
2319 4224 2396 4258 re·

1338 4287 1560 4351 nuntiet,
1582 4287 1712 4336 lianc
1729 4286 1925 4337 ducat.’
1955 4286 2150 4337 Paulus
2171 4286 2234 4336 ad
2256 4287 2397 4336 edic·

2154 4368 2263 4416 313
