3020 4853
494 414 593 462 Du
640 409 1048 462 vssRBoRum
1098 405 1717 458 stcmrtcs'rtouss
1769 404 1908 452 LIB.
1955 405 2116 451 xvi.

296 558 412 622 tius
439 555 504 621 in

2261 386 2392 451 757

482 658 587 724 odi
629 659 958 734 residuoS,
992 675 1226 721 sumno
1272 654 1502 719 deditos
1551 664 1737 740 atque
1781 653 2079 716 incer-tes.⁷
2170 649 2225 713 A
2284 673 2389 714 ra-

295 764 430 826 nius
457 763 526 827 in
554 783 745 827 rosa:
794 762 1130 826 Praeterea
1161 758 1383 823 resides
1410 756 1619 821 multi.

1703 755 2048 820 Pacuvius
2077 755 2146 818 in
2177 774 2389 818 armo-

293 888 430 929 rum
438 863 725 950 judicio.-
768 863 1007 947 Tuque
1060 868 1126 928 te
1173 861 1473 926 desidere
1512 858 1706 923 mavis
1736 856 2011 936 residem,
2059 868 2128 919 at
2171 866 2386 921 contra

290 991 409 1035 nos
439 970 551 1033 hic
579 989 730 1033 esse
763 968 832 1031 in
861 964 1091 1029 labore.
1159 1000 1170 1009 ·

208 1071 608 1152 Residiare,⁸
629 1082 655 1108 ¹
685 1090 868 1155 saepe
895 1070 1171 1134 resilire.

1172 1172 1398 1235 sulta.†

2114 1006 2384 1143 [fisum

2134 1165 2384 1248 [Fsss'r.

203 1279 569 1363 Resignare
589 1223 857 1361 ’antiqui
884 1296 1003 1360 pro
1032 1274 1385 1339 rescribere
1405 1280 1433 1318 Υ
1488 1270 1841 1355 ponebant,
1882 1272 1954 1334 ut
1982 1267 2197 1331 adhuc
2230 1269 2386 1331 sub-

281 1385 544 1464 signare
576 1381 866 1445 dicimus
920 1399 1040 1463 pro
1086 1375 1518 1441 subscribere.

1608 1373 1777 1438 Cato
1838 1371 1922 1436 de
1977 1369 2246 1453 spolii3‚
2299 1389 2384 1433 ne

191 1487 196 1493 “
279 1485 657 1567 figerentur,
703 1485 832 1548 nisi
866 1502 1017 1567 quae
1050 1482 1135 1545 de
1168 1478 1446 1543 hostibus
1469 1485 1655 1561 capta
1684 1484 1872 1540 essent
1895 1497 1914 1534 .·
1964 1469 2090 1536 Sed
2117 1482 2247 1535 tum
2276 1470 2386 1537 ubi

276 1587 533 1651 indivisi
565 1597 708 1651 sunt
738 1594 1132 1652 revercantur
1161 1580 1486 1666 resignatis
1514 1577 1933 1663 vectigalibus.

1109 1756 1476 1789 cumeum'

250 1895 279 1939 7
315 1889 448 1939 End.
473 1888 558 1942 ed.
580 1889 870 1939 inertem—8
902 1889 1024 1938 Vet.
1047 1888 1141 1938 lib.
1169 1888 1436 1937 Remltare.
1502 1881 1639 1931 Vide
1663 1880 1790 1932 Not.
1812 1874 1903 1927 inf.

1176 2025 1397 2078 NOTAE

181 2142 363 2179 nuno.
427 2128 670 2188 Afranius
707 2128 760 2178 in
801 2128 925 2178 Rosa
943 2145 959 2177 .·
1001 2130 1245 2178 Proeterea

184 2237 452 2256 ......
489 2206 726 2255 Pacuvius
749 2205 802 2254 in
830 2205 1084 2255 Armorum
1108 2204 1244 2266 judi·

179 2282 278 2332 eie.-
318 2284 484 2347 nque
514 2288 563 2332 te
591 2283 802 2333 desidere
831 2282 979 2331 mavis
1012 2281 1213 2330 residem
1227 2296 1244 2327 .-

181 2374 264 2407 nos
283 2359 362 2408 hie
384 2374 489 2410 esse
507 2360 561 2409 in
580 2357 752 2407 labore.
821 2356 883 2405 Iu
914 2355 1049 2405 Attii
1074 2355 1245 2404 verbis

176 2436 331 2487 deest
355 2438 468 2487 tsle
500 2436 646 2501 qnid,
677 2434 887 2485 deditos.-
917 2433 1064 2483 residi
1083 2447 1247 2482 sumno

176 2512 379 2563 deditos.
452 2513 720 2575 Scriptura
739 2512 950 2575 antique
964 2525 1126 2559 sumno
1149 2523 1244 2573 pro

175 2603 353 2640 somno.
387 2590 506 2641 Jos.
529 2589 666 2637 Sesi-

243 2667 396 2717 Reses
437 2672 488 2717 et
528 2667 786 2731 Residuss]
823 2665 993 2715 Gloss.
1026 2664 1041 2691 ‘
1063 2665 1244 2724 Reses,

173 2744 456 2805 καθήμενος.
491 2736 717 2794 Resideo
737 2740 1004 2806 ruothino?
1039 2742 1118 2790 De
1137 2741 1243 2789 ‘re-

177 2821 353 2872 siduo'
402 2821 656 2871 Placidus
698 2823 748 2870 in
791 2820 1018 2871 Glossis:
1066 2819 1244 2867 ‘Resi-

174 2899 330 2961 dnus,
372 2902 529 2965 quasi
579 2897 794 2949 tardus!
859 2898 995 2947 Item
1037 2896 1247 2959 Papias,

171 2977 496 3038 ‘Residuns,
543 2977 783 3040 reliquus,
819 2972 1088 3037 fatigatus,
1124 2973 1241 3022 ulti·

173 3054 326 3104 mus.’
396 3055 563 3110 Item,
600 3062 614 3083 ⁸
635 3052 869 3113 Resides,
892 3050 1064 3111 otiosi,
1088 3049 1243 3113 pigri,

172 3132 383 3196 qnieti.'
453 3130 659 3180 Resides
678 3129 886 3195 proprie
909 3134 1030 3178 sunt
1048 3127 1133 3191 qui
1152 3126 1244 3175 mi·

170 3209 337 3258 litium
383 3208 699 3258 detrectant
738 3220 908 3270 agere.
974 3205 1157 3267 virgil.
1204 3218 1241 3253 1.

167 3286 382 3337 AEneid.
410 3289 426 3315 ‘
449 3287 572 3338 Jam
593 3286 791 3350 pridem
813 3283 1007 3334 resides
1025 3282 1243 3340 animos,

167 3363 506 3428 desuetaque
518 3361 711 3412 corda!
730 3360 830 3411 Ubi
847 3361 1084 3411 Servius:
1107 3363 1121 3388 ‘
1140 3360 1242 3409 Re·

167 3439 327 3496 sides.
372 3440 559 3505 pigros
603 3438 667 3487 ad
704 3438 994 3499 smsndnm,
1033 3438 1243 3486 inertes.

164 3516 459 3567 Jursverat
484 3515 624 3565 enim
658 3513 849 3579 (Dido)
884 3514 1011 3564 nulli
1042 3528 1098 3563 se
1132 3527 1243 3563 esse

164 3600 478 3656 nupturam.
550 3590 767 3639 Resides
790 3604 914 3640 sane
936 3589 1126 3638 milites
1147 3588 1245 3651 oti·

161 3672 274 3720 osi:
302 3677 364 3719 ut
387 3683 478 3719 vt.
515 3665 694 3717 AEueid
699 3698 1072 3716 ........
1106 3673 1119 3693 ·
1142 3665 1242 3714 Re·

159 3745 414 3810 sidesque
449 3743 681 3793 movebit
711 3743 885 3792 Tullus
921 3742 973 3789 in
1002 3755 1145 3790 arms
1168 3742 1240 3790 vi-

163 3821 279 3872 ros.'
349 3820 518 3872 Unde
545 3827 727 3869 contre
748 3819 999 3868 instantes
1020 3816 1237 3867 dicimm

162 3895 502 3950 industrios.'
535 3897 663 3947 Dae.

224 3986 252 4012 ¹
289 3974 584 4038 Residiare]
631 3974 836 4037 Legere
876 3973 1098 4037 quidun,
1140 3971 1238 4023 Re·

154 4059 363 4114 sultare,
398 4069 535 4118 saeps
563 4054 776 4103 resilire.-
810 4052 900 4102 sed
934 4051 1066 4102 infra
1087 4052 1139 4101 in
1162 4067 1239 4101 re-

157 4134 338 4199 liquiis
363 4130 525 4183 Festi
559 4134 780 4193 sppsret
806 4127 866 4176 τὸ
894 4131 1140 4192 resultare,
1160 4129 1238 4178 in·

160 4209 616 4275 terpretationem
649 4212 848 4256 tantum
880 4204 1041 4257 fuisse
1058 4207 1146 4256 τοῦ
1163 4221 1238 4256 re-

155 4289 357 4339 sidiare.
408 4283 671 4337 Libenter
695 4282 852 4347 igitur
871 4284 1117 4349 legerem,
1138 4284 1238 4334 Re·

1324 2126 1486 2174 auare
1527 2136 1650 2184 sepe
1689 2119 1892 2168 resilire.
1958 2115 2043 2165 Its
2085 2121 2143 2164 ut
2186 2112 2381 2163 dictum

1325 2201 1483 2251 fuerit
1520 2200 1678 2249 resilio
1712 2204 1769 2246 et
1812 2194 1984 2245 resilio.
2073 2192 2206 2241 Nam
2244 2192 2384 2240 inter

1325 2286 1560 2343 quartam
1606 2283 1663 2325 et
1711 2272 1925 2336 primam
1965 2266 2383 2331 conjugationem

1325 2370 1515 2420 magns
1538 2352 1637 2402 fuit
1660 2351 1779 2400 olim
1804 2346 2046 2397 affinitas.
2124 2343 2227 2391 Vel
2248 2339 2384 2390 forte

1327 2434 1601 2499 legendum
1624 2428 1878 2487 militm,
1900 2423 2147 2484 resultare,
2166 2434 2291 2482 sape
2309 2432 2384 2467 re·

1322 2513 1475 2562 sitire.
1510 2509 1676 2560 Idem.

1390 2599 1446 2645 t.
1480 2622 1494 2636 .
1530 2622 1545 2638 .
1578 2620 1593 2637 .
1638 2585 1760 2632 sulla
1808 2612 1823 2628 .
1860 2611 1874 2627 .
1907 2578 1947 2642 .]
1986 2578 2182 2625 Forsan
2208 2571 2386 2622 Resin-

1325 2673 1447 2723 ture‚
1486 2664 1731 2720 resultare,
1771 2671 1894 2720 serpe
1940 2654 2141 2703 resilire.
2205 2651 2380 2701 Gloss.

1325 2744 1342 2771 ‘
1360 2743 1591 2794 Resulto‚
1612 2733 1930 2801 amphoram?
1960 2733 2108 2782 Idem·

1391 2828 1411 2862 r
1447 2819 1714 2878 Resignoere
1753 2811 1936 2874 antiqui
1976 2821 2063 2869 pro
2106 2806 2384 2869 rescribere]

1328 2895 1632 2945 Rescribere
1657 2889 1900 2939 dicebant
1922 2886 2138 2948 antiqui,
2155 2885 2253 2934 sibi
2273 2896 2385 2932 cre·

1325 2973 1485 3021 ditum
1546 2969 1818 3035 pecuniam
1867 2963 2101 3018 reddere,
2149 2974 2386 3011 renume-

1323 3063 1457 3097 rsre.
1526 3047 1660 3097 Nam
1700 3041 1985 3093 creditores
2026 3039 2230 3094 seribere
2276 3038 2385 3086 sive

1322 3128 1503 3175 dictare
1553 3121 1862 3173 dicebantur
1906 3132 2024 3167 cum
2077 3116 2385 3166 credebant.

1323 3203 1604 3254 Debitores
1626 3214 1749 3249 vero
1770 3212 1888 3249 cum
1905 3194 2196 3254 solvebant,
2217 3193 2390 3243 rescri-

1324 3282 1446 3331 bere.
1518 3279 1787 3341 Resigmre
1810 3274 1972 3338 igitur
1998 3287 2093 3336 pro
2114 3270 2387 3331 reso-ibere,

1323 3359 1376 3408 id
1400 3365 1500 3421 est,
1525 3357 1779 3408 reddere.-
1817 3354 2008 3403 Horat.
2042 3353 2058 3379 ‘
2080 3351 2281 3400 Cuncta
2306 3362 2387 3396 re-

1324 3434 1508 3500 signo!
1550 3434 1722 3484 Gloss.
1743 3431 1760 3460 ⁴
1778 3429 1999 3492 resigno,
2015 3423 2273 3488 sapaudo?
2309 3424 2385 3474 Id.

1392 3510 1683 3574 Resignare]
1721 3510 1841 3556 Cato
1866 3507 1923 3552 de
1961 3504 2135 3565 spoliis,
2169 3517 2228 3550 ne
2257 3500 2385 3566 fige·

1323 3596 1507 3650 renim,
1536 3588 1634 3636 nisi
1665 3599 1767 3648 qius
1799 3584 1859 3630 de
1890 3581 2022 3628 hoste
2047 3583 2183 3640 capta
2202 3581 2386 3625 essent.-

1321 3666 1422 3716 Sed
1443 3669 1565 3724 tum,
1596 3661 1678 3709 ubi
1706 3656 1905 3707 indivisi
1928 3659 2056 3716 sunt,
2085 3658 2386 3703 revertantur

1318 3739 1578 3802 resignetis
1606 3733 1933 3796 vectigalibus.
2017 3730 2151 3779 Haec
2186 3730 2385 3779 citabat

1321 3818 1530 3875 Festus,
1564 3828 1677 3878 qum
1710 3826 1803 3860 nos
1840 3807 2124 3872 reperimus
2159 3807 2209 3855 in
2242 3803 2385 3869 freg-

1318 3893 1508 3944 mentis
1529 3889 1715 3949 Servii,
1740 3887 1826 3953 qui
1858 3892 1938 3936 est
1976 3897 2134 3950 penes
2169 3882 2386 3933 Daniel·

1319 3986 1400 4023 em
1423 3977 1689 4020 nostrum:
1730 3964 1816 4031 qui
1841 3964 1996 4014 etism
2018 3960 2154 4011 aliud
2180 3957 2384 4025 profert

1319 4064 1385 4099 ex
1406 4047 1590 4097 eodem
1624 4046 1844 4107 Catone,
1874 4041 2110 4115 oratione
2144 4039 2195 4088 in
2232 4039 2384 4088 Luci-

1320 4140 1406 4175 um
1425 4122 1671 4174 Furium:
1707 4125 1723 4151 ⁸
1742 4121 1827 4170 De
1860 4133 1994 4183 sque
2021 4117 2155 4182 quod
2193 4117 2383 4166 attinet

1319 4202 1385 4253 sd
1409 4200 1716 4251 salinatores
1749 4197 1980 4259 orarios,
2011 4192 2096 4244 cui
2120 4207 2246 4243 cura
2270 4207 2383 4241 vec·

1319 4279 1573 4345 tigslium,
1595 4273 1860 4342 resignat?
1893 4275 1998 4324 Jos.
2019 4272 2145 4323 ὅσοι.
