<?xml version="1.0" encoding="UTF-8"?>
<!DOCTYPE html PUBLIC "-//W3C//DTD XHTML 1.0 Transitional//EN"
    "http://www.w3.org/TR/xhtml1/DTD/xhtml1-transitional.dtd">
<html xmlns="http://www.w3.org/1999/xhtml" xml:lang="en" lang="en">
 <head>
  <title>
</title>
<meta http-equiv="Content-Type" content="text/html;charset=utf-8" />
  <meta name='ocr-system' content='tesseract 3.04.00' />
  <meta name='ocr-capabilities' content='ocr_page ocr_carea ocr_par ocr_line ocrx_word'/>
</head>
<body>
  <div class='ocr_page' id='page_1' title='image "./mverriiflacciqu03flacgoog_0477.png"; bbox 0 0 3020 4853; ppageno 0'>
   <div class='ocr_carea' id='block_1_1' title="bbox 482 336 2144 410">
    <p class='ocr_par' dir='ltr' id='par_1_1' title="bbox 482 336 2144 410">
     <span class='ocr_line' id='line_1_1' title="bbox 482 336 2144 410; baseline 0.005 -26"><span class='ocrx_word' id='word_1_1' title='bbox 482 337 618 410; x_wconf 19' lang='lat' dir='ltr'><strong>‘DE</strong></span> <span class='ocrx_word' id='word_1_2' title='bbox 667 337 1083 388; x_wconf 76' lang='lat' dir='ltr'><strong>vBRBoRUM</strong></span> <span class='ocrx_word' id='word_1_3' title='bbox 1133 336 1755 390; x_wconf 64' lang='lat' dir='ltr'><strong>SlonlcavtoNu</strong></span> <span class='ocrx_word' id='word_1_4' title='bbox 1806 343 1953 395; x_wconf 72' lang='grc' dir='ltr'><strong>[ΑΒ.</strong></span> <span class='ocrx_word' id='word_1_5' title='bbox 1998 344 2144 395; x_wconf 82' lang='lat' dir='ltr'><strong>xu.</strong></span> 
     </span>
    </p>
   </div>
   <div class='ocr_carea' id='block_1_2' title="bbox 2324 331 2457 399">
    <p class='ocr_par' dir='ltr' id='par_1_2' title="bbox 2324 331 2457 399">
     <span class='ocr_line' id='line_1_2' title="bbox 2324 331 2457 399; baseline 0 0"><span class='ocrx_word' id='word_1_6' title='bbox 2324 331 2457 399; x_wconf 79' lang='lat'><strong>463</strong></span> 
     </span>
    </p>
   </div>
   <div class='ocr_carea' id='block_1_3' title="bbox 291 484 2456 685">
    <p class='ocr_par' dir='ltr' id='par_1_3' title="bbox 291 484 2456 685">
     <span class='ocr_line' id='line_1_3' title="bbox 291 484 2454 574; baseline 0.006 -27"><span class='ocrx_word' id='word_1_7' title='bbox 291 503 297 524; x_wconf 80' lang='lat'><em>=</em></span> <span class='ocrx_word' id='word_1_8' title='bbox 353 485 623 568; x_wconf 83' lang='lat' dir='ltr'><strong>quinius</strong></span> <span class='ocrx_word' id='word_1_9' title='bbox 647 484 931 551; x_wconf 81' lang='lat' dir='ltr'><strong>Priscus</strong></span> <span class='ocrx_word' id='word_1_10' title='bbox 953 485 1287 551; x_wconf 82' lang='lat' dir='ltr'><strong>institutas</strong></span> <span class='ocrx_word' id='word_1_11' title='bbox 1320 488 1535 554; x_wconf 82' lang='lat' dir='ltr'><strong>tribus</strong></span> <span class='ocrx_word' id='word_1_12' title='bbox 1563 508 1605 554; x_wconf 86' lang='lat' dir='ltr'><strong>a</strong></span> <span class='ocrx_word' id='word_1_13' title='bbox 1628 487 1925 560; x_wconf 82' lang='lat' dir='ltr'><strong>Romulo</strong></span> <span class='ocrx_word' id='word_1_14' title='bbox 1957 500 2211 560; x_wconf 84' lang='lat' dir='ltr'><strong>mutare</strong></span> <span class='ocrx_word' id='word_1_15' title='bbox 2227 495 2454 574; x_wconf 59' lang='lat' dir='ltr'><strong>vellet,</strong></span> 
     </span>
     <span class='ocr_line' id='line_1_4' title="bbox 352 585 2456 685; baseline 0.008 -35"><span class='ocrx_word' id='word_1_16' title='bbox 352 585 912 671; x_wconf 84' lang='lat' dir='ltr'><strong>deterrereturque</strong></span> <span class='ocrx_word' id='word_1_17' title='bbox 945 589 1033 654; x_wconf 89' lang='lat' dir='ltr'><strong>ab</strong></span> <span class='ocrx_word' id='word_1_18' title='bbox 1069 589 1260 654; x_wconf 88' lang='lat' dir='ltr'><strong>Attio</strong></span> <span class='ocrx_word' id='word_1_19' title='bbox 1289 610 1407 675; x_wconf 85' lang='lat' dir='ltr'><strong>per</strong></span> <span class='ocrx_word' id='word_1_20' title='bbox 1438 593 1815 675; x_wconf 84' lang='lat' dir='ltr'><strong>augurium,</strong></span> <span class='ocrx_word' id='word_1_21' title='bbox 1855 603 1933 660; x_wconf 90' lang='lat' dir='ltr'><strong>ut</strong></span> <span class='ocrx_word' id='word_1_22' title='bbox 1969 596 2262 665; x_wconf 81' lang='lat' dir='ltr'><strong>eluderet</strong></span> <span class='ocrx_word' id='word_1_23' title='bbox 2309 600 2456 685; x_wconf 88' lang='lat' dir='ltr'><strong>ejus</strong></span> 
     </span>
    </p>
   </div>
   <div class='ocr_carea' id='block_1_4' title="bbox 1249 843 1460 894">
    <p class='ocr_par' dir='ltr' id='par_1_4' title="bbox 1249 843 1460 894">
     <span class='ocr_line' id='line_1_5' title="bbox 1249 843 1460 894; baseline 0.009 -2"><span class='ocrx_word' id='word_1_24' title='bbox 1249 843 1460 894; x_wconf 79' lang='lat' dir='ltr'>NOTAE</span> 
     </span>
    </p>
   </div>
   <div class='ocr_carea' id='block_1_5' title="bbox 209 1012 1324 4235">
    <p class='ocr_par' dir='ltr' id='par_1_5' title="bbox 209 1012 1324 4235">
     <span class='ocr_line' id='line_1_6' title="bbox 265 1012 1316 1083; baseline 0.008 -20"><span class='ocrx_word' id='word_1_25' title='bbox 265 1013 413 1075; x_wconf 86' lang='lat' dir='ltr'><strong>sium,</strong></span> <span class='ocrx_word' id='word_1_26' title='bbox 445 1019 500 1063; x_wconf 90' lang='lat' dir='ltr'><strong>et</strong></span> <span class='ocrx_word' id='word_1_27' title='bbox 523 1012 906 1078; x_wconf 82' lang='lat' dir='ltr'><strong>Artemidorus,</strong></span> <span class='ocrx_word' id='word_1_28' title='bbox 937 1018 965 1066; x_wconf 75' lang='grc' dir='ltr'><strong><em>ὁ</em></strong></span> <span class='ocrx_word' id='word_1_29' title='bbox 1000 1018 1218 1083; x_wconf 65' lang='grc' dir='ltr'><strong>κεραυνὸς</strong></span> <span class='ocrx_word' id='word_1_30' title='bbox 1251 1021 1316 1072; x_wconf 79' lang='grc' dir='ltr'><strong>τὰ</strong></span> 
     </span>
     <span class='ocr_line' id='line_1_7' title="bbox 265 1089 1319 1155; baseline 0.011 -19"><span class='ocrx_word' id='word_1_31' title='bbox 265 1089 422 1151; x_wconf 62' lang='grc' dir='ltr'><strong><em>ἄσημα</em></strong></span> <span class='ocrx_word' id='word_1_32' title='bbox 440 1092 537 1138; x_wconf 73' lang='grc' dir='ltr'><strong>τῶν</strong></span> <span class='ocrx_word' id='word_1_33' title='bbox 555 1089 739 1154; x_wconf 68' lang='grc' dir='ltr'><strong><em>χορίων</em></strong></span> <span class='ocrx_word' id='word_1_34' title='bbox 758 1091 965 1155; x_wconf 62' lang='grc' dir='ltr'><strong>ἐπίσημα</strong></span> <span class='ocrx_word' id='word_1_35' title='bbox 979 1097 1105 1146; x_wconf 69' lang='grc' dir='ltr'><strong><em>ποιοῖ</em></strong></span> <span class='ocrx_word' id='word_1_36' title='bbox 1119 1096 1193 1145; x_wconf 75' lang='grc' dir='ltr'><strong>διὰ</strong></span> <span class='ocrx_word' id='word_1_37' title='bbox 1209 1096 1319 1149; x_wconf 74' lang='grc' dir='ltr'><strong>τοὺς</strong></span> 
     </span>
     <span class='ocr_line' id='line_1_8' title="bbox 266 1165 1319 1232; baseline 0.009 -18"><span class='ocrx_word' id='word_1_38' title='bbox 266 1165 579 1229; x_wconf 59' lang='grc' dir='ltr'><strong><em>ἐνιδρυμένον,</em></strong></span> <span class='ocrx_word' id='word_1_39' title='bbox 610 1167 813 1232; x_wconf 72' lang='grc' dir='ltr'><strong><em>βωμοὺς,</em></strong></span> <span class='ocrx_word' id='word_1_40' title='bbox 845 1169 922 1220; x_wconf 77' lang='grc' dir='ltr'><strong>καὶ</strong></span> <span class='ocrx_word' id='word_1_41' title='bbox 952 1172 1040 1222; x_wconf 75' lang='grc' dir='ltr'><strong>τὰς</strong></span> <span class='ocrx_word' id='word_1_42' title='bbox 1070 1173 1124 1221; x_wconf 61' lang='grc' dir='ltr'><strong>ἐν</strong></span> <span class='ocrx_word' id='word_1_43' title='bbox 1160 1173 1319 1226; x_wconf 67' lang='grc' dir='ltr'><strong>αὐτοῖς</strong></span> 
     </span>
     <span class='ocr_line' id='line_1_9' title="bbox 262 1241 1319 1314; baseline 0.011 -23"><span class='ocrx_word' id='word_1_44' title='bbox 262 1241 507 1304; x_wconf 64' lang='grc' dir='ltr'><strong>γινομένας</strong></span> <span class='ocrx_word' id='word_1_45' title='bbox 548 1244 723 1294; x_wconf 69' lang='grc' dir='ltr'><strong>θυσίας.</strong></span> <span class='ocrx_word' id='word_1_46' title='bbox 780 1246 843 1297; x_wconf 88' lang='lat' dir='ltr'><strong>In</strong></span> <span class='ocrx_word' id='word_1_47' title='bbox 881 1251 1221 1314; x_wconf 84' lang='lat' dir='ltr'><strong>sequentibus</strong></span> <span class='ocrx_word' id='word_1_48' title='bbox 1246 1252 1319 1303; x_wconf 83' lang='lat' dir='ltr'><strong>de</strong></span> 
     </span>
     <span class='ocr_line' id='line_1_10' title="bbox 263 1323 1319 1386; baseline 0.009 -17"><span class='ocrx_word' id='word_1_49' title='bbox 263 1328 479 1384; x_wconf 83' lang='lat' dir='ltr'><strong>utraque</strong></span> <span class='ocrx_word' id='word_1_50' title='bbox 520 1323 869 1386; x_wconf 70' lang='lat' dir='ltr'><strong>appellatione</strong></span> <span class='ocrx_word' id='word_1_51' title='bbox 910 1324 1039 1375; x_wconf 82' lang='lat' dir='ltr'><strong>ficus</strong></span> <span class='ocrx_word' id='word_1_52' title='bbox 1077 1327 1214 1378; x_wconf 86' lang='lat' dir='ltr'><strong>illius</strong></span> <span class='ocrx_word' id='word_1_53' title='bbox 1248 1329 1319 1379; x_wconf 90' lang='lat' dir='ltr'><strong>iu-</strong></span> 
     </span>
     <span class='ocr_line' id='line_1_11' title="bbox 264 1397 1319 1463; baseline 0.01 -18"><span class='ocrx_word' id='word_1_54' title='bbox 264 1397 370 1447; x_wconf 89' lang='lat' dir='ltr'><strong>nuit</strong></span> <span class='ocrx_word' id='word_1_55' title='bbox 392 1397 614 1448; x_wconf 86' lang='lat' dir='ltr'><strong>Plinius.</strong></span> <span class='ocrx_word' id='word_1_56' title='bbox 648 1399 805 1463; x_wconf 86' lang='lat' dir='ltr'><strong>Nam,</strong></span> <span class='ocrx_word' id='word_1_57' title='bbox 829 1415 947 1451; x_wconf 87' lang='lat' dir='ltr'><strong>cum</strong></span> <span class='ocrx_word' id='word_1_58' title='bbox 969 1417 1083 1453; x_wconf 87' lang='lat' dir='ltr'><strong>eam</strong></span> <span class='ocrx_word' id='word_1_59' title='bbox 1107 1404 1194 1454; x_wconf 88' lang='lat' dir='ltr'><strong>alii</strong></span> <span class='ocrx_word' id='word_1_60' title='bbox 1215 1406 1319 1456; x_wconf 88' lang='lat' dir='ltr'><strong>Ru-</strong></span> 
     </span>
     <span class='ocr_line' id='line_1_12' title="bbox 263 1473 1319 1545; baseline 0.01 -23"><span class='ocrx_word' id='word_1_61' title='bbox 263 1473 521 1530; x_wconf 81' lang='lat' dir='ltr'><strong>minalem,</strong></span> <span class='ocrx_word' id='word_1_62' title='bbox 542 1476 631 1525; x_wconf 87' lang='lat' dir='ltr'><strong>alii</strong></span> <span class='ocrx_word' id='word_1_63' title='bbox 659 1475 707 1525; x_wconf 86' lang='grc' dir='ltr'><strong>Ν</strong></span> <span class='ocrx_word' id='word_1_64' title='bbox 713 1478 875 1527; x_wconf 83' lang='lat' dir='ltr'><strong>aviam</strong></span> <span class='ocrx_word' id='word_1_65' title='bbox 898 1488 1161 1545; x_wconf 82' lang='lat' dir='ltr'><strong>vocarent,</strong></span> <span class='ocrx_word' id='word_1_66' title='bbox 1182 1489 1196 1510; x_wconf 83' lang='lat'>⁸</span> <span class='ocrx_word' id='word_1_67' title='bbox 1215 1480 1319 1533; x_wconf 80' lang='lat' dir='ltr'><strong>fre·</strong></span> 
     </span>
     <span class='ocr_line' id='line_1_13' title="bbox 266 1550 1321 1618; baseline 0.009 -18"><span class='ocrx_word' id='word_1_68' title='bbox 266 1550 544 1616; x_wconf 83' lang='lat' dir='ltr'><strong>quentius,’</strong></span> <span class='ocrx_word' id='word_1_69' title='bbox 578 1553 764 1618; x_wconf 83' lang='lat' dir='ltr'><strong>inquit,</strong></span> <span class='ocrx_word' id='word_1_70' title='bbox 796 1555 812 1582; x_wconf 78' lang='lat'>⁸</span> <span class='ocrx_word' id='word_1_71' title='bbox 840 1569 869 1603; x_wconf 88' lang='lat' dir='ltr'><strong>a</strong></span> <span class='ocrx_word' id='word_1_72' title='bbox 892 1555 1091 1607; x_wconf 88' lang='lat' dir='ltr'><strong>nutrice</strong></span> <span class='ocrx_word' id='word_1_73' title='bbox 1117 1557 1321 1609; x_wconf 82' lang='lat' dir='ltr'><strong>Gemel-</strong></span> 
     </span>
     <span class='ocr_line' id='line_1_14' title="bbox 264 1630 1319 1699; baseline 0.009 -21"><span class='ocrx_word' id='word_1_74' title='bbox 264 1630 421 1680; x_wconf 86' lang='lat' dir='ltr'><strong>lorum</strong></span> <span class='ocrx_word' id='word_1_75' title='bbox 457 1630 617 1681; x_wconf 85' lang='lat' dir='ltr'><strong>Urbis</strong></span> <span class='ocrx_word' id='word_1_76' title='bbox 654 1631 994 1690; x_wconf 84' lang='lat' dir='ltr'><strong>conditorum,</strong></span> <span class='ocrx_word' id='word_1_77' title='bbox 1029 1633 1319 1699; x_wconf 64' lang='lat' dir='ltr'><strong>prasertim</strong></span> 
     </span>
     <span class='ocr_line' id='line_1_15' title="bbox 262 1706 1320 1779; baseline 0.008 -24"><span class='ocrx_word' id='word_1_78' title='bbox 262 1720 371 1756; x_wconf 86' lang='lat' dir='ltr'><strong>cnm</strong></span> <span class='ocrx_word' id='word_1_79' title='bbox 395 1706 465 1757; x_wconf 89' lang='lat' dir='ltr'><strong>ibi</strong></span> <span class='ocrx_word' id='word_1_80' title='bbox 492 1707 824 1758; x_wconf 72' lang='lat' dir='ltr'><strong>simulacrum</strong></span> <span class='ocrx_word' id='word_1_81' title='bbox 843 1724 1043 1761; x_wconf 61' lang='lat' dir='ltr'><strong>uncum</strong></span> <span class='ocrx_word' id='word_1_82' title='bbox 1068 1712 1138 1762; x_wconf 88' lang='lat' dir='ltr'><strong>sit</strong></span> <span class='ocrx_word' id='word_1_83' title='bbox 1160 1713 1320 1779; x_wconf 76' lang='lat' dir='ltr'><strong>lnpae,</strong></span> 
     </span>
     <span class='ocr_line' id='line_1_16' title="bbox 263 1782 1321 1852; baseline 0.009 -20"><span class='ocrx_word' id='word_1_84' title='bbox 263 1782 544 1833; x_wconf 72' lang='lat' dir='ltr'><strong>Ruminalis</strong></span> <span class='ocrx_word' id='word_1_85' title='bbox 565 1784 831 1848; x_wconf 86' lang='lat' dir='ltr'><strong>appellata</strong></span> <span class='ocrx_word' id='word_1_86' title='bbox 852 1794 951 1848; x_wconf 88' lang='lat' dir='ltr'><strong>est,</strong></span> <span class='ocrx_word' id='word_1_87' title='bbox 980 1802 1130 1852; x_wconf 87' lang='lat' dir='ltr'><strong>quam</strong></span> <span class='ocrx_word' id='word_1_88' title='bbox 1151 1789 1321 1842; x_wconf 77' lang='lat' dir='ltr'><strong>Navia</strong></span> 
     </span>
     <span class='ocr_line' id='line_1_17' title="bbox 262 1857 1320 1927; baseline 0.01 -20"><span class='ocrx_word' id='word_1_89' title='bbox 262 1857 324 1908; x_wconf 81' lang='lat' dir='ltr'><strong>ab</strong></span> <span class='ocrx_word' id='word_1_90' title='bbox 348 1859 510 1909; x_wconf 77' lang='lat' dir='ltr'><strong>Actio</strong></span> <span class='ocrx_word' id='word_1_91' title='bbox 534 1860 725 1923; x_wconf 86' lang='lat' dir='ltr'><strong>Navio,</strong></span> <span class='ocrx_word' id='word_1_92' title='bbox 745 1863 831 1927; x_wconf 84' lang='lat' dir='ltr'><strong>qui</strong></span> <span class='ocrx_word' id='word_1_93' title='bbox 853 1873 1039 1927; x_wconf 88' lang='lat' dir='ltr'><strong>sponte</strong></span> <span class='ocrx_word' id='word_1_94' title='bbox 1059 1880 1151 1915; x_wconf 86' lang='lat' dir='ltr'><strong>sua</strong></span> <span class='ocrx_word' id='word_1_95' title='bbox 1180 1866 1320 1918; x_wconf 87' lang='lat' dir='ltr'><strong>illam</strong></span> 
     </span>
     <span class='ocr_line' id='line_1_18' title="bbox 264 1936 1320 1994; baseline 0.009 -10"><span class='ocrx_word' id='word_1_96' title='bbox 264 1936 598 1986; x_wconf 81' lang='lat' dir='ltr'><strong>transseverit</strong></span> <span class='ocrx_word' id='word_1_97' title='bbox 639 1938 688 1986; x_wconf 88' lang='lat' dir='ltr'><strong>iu</strong></span> <span class='ocrx_word' id='word_1_98' title='bbox 734 1939 1076 1991; x_wconf 74' lang='lat' dir='ltr'><strong>Comitiumt&#39;</strong></span> <span class='ocrx_word' id='word_1_99' title='bbox 1126 1950 1320 1994; x_wconf 86' lang='lat' dir='ltr'><strong>utrum·</strong></span> 
     </span>
     <span class='ocr_line' id='line_1_19' title="bbox 266 2013 1320 2084; baseline 0.012 -25"><span class='ocrx_word' id='word_1_100' title='bbox 266 2027 360 2075; x_wconf 85' lang='lat' dir='ltr'><strong>qne</strong></span> <span class='ocrx_word' id='word_1_101' title='bbox 384 2013 520 2062; x_wconf 86' lang='lat' dir='ltr'><strong>enim</strong></span> <span class='ocrx_word' id='word_1_102' title='bbox 547 2028 727 2064; x_wconf 84' lang='lat' dir='ltr'><strong>verum</strong></span> <span class='ocrx_word' id='word_1_103' title='bbox 764 2030 898 2078; x_wconf 82' lang='lat' dir='ltr'><strong>esse,</strong></span> <span class='ocrx_word' id='word_1_104' title='bbox 926 2025 980 2067; x_wconf 84' lang='lat' dir='ltr'><strong>et</strong></span> <span class='ocrx_word' id='word_1_105' title='bbox 1005 2018 1243 2084; x_wconf 75' lang='lat' dir='ltr'><strong>Navium,</strong></span> <span class='ocrx_word' id='word_1_106' title='bbox 1265 2027 1320 2071; x_wconf 88' lang='lat' dir='ltr'><strong>et</strong></span> 
     </span>
     <span class='ocr_line' id='line_1_20' title="bbox 266 2089 1322 2164; baseline 0.009 -26"><span class='ocrx_word' id='word_1_107' title='bbox 266 2089 586 2140; x_wconf 82' lang='lat' dir='ltr'><strong>Ruminalem</strong></span> <span class='ocrx_word' id='word_1_108' title='bbox 607 2093 809 2143; x_wconf 74' lang='lat' dir='ltr'><strong>vocari:</strong></span> <span class='ocrx_word' id='word_1_109' title='bbox 845 2093 936 2144; x_wconf 85' lang='lat' dir='ltr'><strong>sed</strong></span> <span class='ocrx_word' id='word_1_110' title='bbox 957 2095 1118 2161; x_wconf 74' lang='lat' dir='ltr'><strong>magis</strong></span> <span class='ocrx_word' id='word_1_111' title='bbox 1143 2097 1322 2164; x_wconf 87' lang='lat' dir='ltr'><strong>utique</strong></span> 
     </span>
     <span class='ocr_line' id='line_1_21' title="bbox 268 2164 1321 2238; baseline 0.009 -25"><span class='ocrx_word' id='word_1_112' title='bbox 268 2164 607 2230; x_wconf 81' lang='lat' dir='ltr'><strong>Ruminalem,</strong></span> <span class='ocrx_word' id='word_1_113' title='bbox 626 2181 780 2231; x_wconf 81' lang='lat' dir='ltr'><strong>qnam</strong></span> <span class='ocrx_word' id='word_1_114' title='bbox 814 2168 1072 2220; x_wconf 79' lang='lat' dir='ltr'><strong>Navium:</strong></span> <span class='ocrx_word' id='word_1_115' title='bbox 1110 2175 1321 2238; x_wconf 86' lang='lat' dir='ltr'><strong>propius</strong></span> 
     </span>
     <span class='ocr_line' id='line_1_22' title="bbox 267 2242 1324 2311; baseline 0.01 -21"><span class='ocrx_word' id='word_1_116' title='bbox 267 2242 395 2291; x_wconf 85' lang='lat' dir='ltr'><strong>enim</strong></span> <span class='ocrx_word' id='word_1_117' title='bbox 429 2259 554 2294; x_wconf 81' lang='lat' dir='ltr'><strong>vero</strong></span> <span class='ocrx_word' id='word_1_118' title='bbox 596 2257 728 2308; x_wconf 79' lang='lat' dir='ltr'><strong>esse,</strong></span> <span class='ocrx_word' id='word_1_119' title='bbox 765 2253 817 2295; x_wconf 91' lang='lat' dir='ltr'><strong>et</strong></span> <span class='ocrx_word' id='word_1_120' title='bbox 856 2247 1020 2311; x_wconf 74' lang='lat' dir='ltr'><strong>magis</strong></span> <span class='ocrx_word' id='word_1_121' title='bbox 1053 2259 1324 2301; x_wconf 86' lang='lat' dir='ltr'><strong>consenta-</strong></span> 
     </span>
     <span class='ocr_line' id='line_1_23' title="bbox 269 2322 1324 2383; baseline 0.008 -15"><span class='ocrx_word' id='word_1_122' title='bbox 269 2333 432 2382; x_wconf 85' lang='lat' dir='ltr'><strong>neum,</strong></span> <span class='ocrx_word' id='word_1_123' title='bbox 466 2336 586 2371; x_wconf 84' lang='lat' dir='ltr'><strong>eam</strong></span> <span class='ocrx_word' id='word_1_124' title='bbox 626 2330 746 2372; x_wconf 84' lang='lat' dir='ltr'><strong>ante</strong></span> <span class='ocrx_word' id='word_1_125' title='bbox 786 2322 1005 2373; x_wconf 73' lang='lat' dir='ltr'><strong>Navium</strong></span> <span class='ocrx_word' id='word_1_126' title='bbox 1051 2323 1228 2383; x_wconf 78' lang='lat' dir='ltr'><strong>fuisse,</strong></span> <span class='ocrx_word' id='word_1_127' title='bbox 1271 2334 1324 2378; x_wconf 85' lang='lat' dir='ltr'><strong>et</strong></span> 
     </span>
     <span class='ocr_line' id='line_1_24' title="bbox 265 2398 1322 2468; baseline 0.009 -22"><span class='ocrx_word' id='word_1_128' title='bbox 265 2398 354 2449; x_wconf 85' lang='lat' dir='ltr'><strong>sub</strong></span> <span class='ocrx_word' id='word_1_129' title='bbox 391 2414 454 2451; x_wconf 85' lang='lat' dir='ltr'><strong>ea</strong></span> <span class='ocrx_word' id='word_1_130' title='bbox 490 2401 670 2465; x_wconf 83' lang='lat' dir='ltr'><strong>lupam</strong></span> <span class='ocrx_word' id='word_1_131' title='bbox 713 2401 956 2453; x_wconf 72' lang='lat' dir='ltr'>Gemellis</span> <span class='ocrx_word' id='word_1_132' title='bbox 991 2402 1149 2454; x_wconf 85' lang='lat' dir='ltr'><strong>ubera</strong></span> <span class='ocrx_word' id='word_1_133' title='bbox 1190 2418 1322 2468; x_wconf 69' lang='lat' dir='ltr'><strong>prze-</strong></span> 
     </span>
     <span class='ocr_line' id='line_1_25' title="bbox 267 2477 1321 2544; baseline 0.006 -17"><span class='ocrx_word' id='word_1_134' title='bbox 267 2477 449 2540; x_wconf 85' lang='lat' dir='ltr'><strong>bnisse,</strong></span> <span class='ocrx_word' id='word_1_135' title='bbox 472 2493 630 2544; x_wconf 85' lang='lat' dir='ltr'><strong>qnam</strong></span> <span class='ocrx_word' id='word_1_136' title='bbox 669 2486 851 2543; x_wconf 89' lang='lat' dir='ltr'><strong>postea</strong></span> <span class='ocrx_word' id='word_1_137' title='bbox 872 2479 937 2529; x_wconf 83' lang='lat' dir='ltr'><strong>ab</strong></span> <span class='ocrx_word' id='word_1_138' title='bbox 959 2479 1119 2531; x_wconf 82' lang='lat' dir='ltr'><strong>Actio</strong></span> <span class='ocrx_word' id='word_1_139' title='bbox 1150 2481 1321 2533; x_wconf 76' lang='lat' dir='ltr'><strong>Navio</strong></span> 
     </span>
     <span class='ocr_line' id='line_1_26' title="bbox 267 2553 1321 2624; baseline 0.005 -20"><span class='ocrx_word' id='word_1_140' title='bbox 267 2553 337 2605; x_wconf 85' lang='lat' dir='ltr'><strong>ibi</strong></span> <span class='ocrx_word' id='word_1_141' title='bbox 361 2557 827 2609; x_wconf 83' lang='lat' dir='ltr'><strong>transseminatam.</strong></span> <span class='ocrx_word' id='word_1_142' title='bbox 879 2556 1013 2606; x_wconf 85' lang='lat' dir='ltr'><strong>Vide</strong></span> <span class='ocrx_word' id='word_1_143' title='bbox 1039 2572 1188 2622; x_wconf 85' lang='lat' dir='ltr'><strong>quam</strong></span> <span class='ocrx_word' id='word_1_144' title='bbox 1207 2558 1321 2624; x_wconf 89' lang='lat' dir='ltr'><strong>pul-</strong></span> 
     </span>
     <span class='ocr_line' id='line_1_27' title="bbox 266 2632 1321 2687; baseline 0.004 -5"><span class='ocrx_word' id='word_1_145' title='bbox 266 2632 434 2683; x_wconf 83' lang='lat' dir='ltr'><strong>chrum</strong></span> <span class='ocrx_word' id='word_1_146' title='bbox 482 2633 762 2683; x_wconf 80' lang='lat' dir='ltr'><strong>vetustatis</strong></span> <span class='ocrx_word' id='word_1_147' title='bbox 793 2641 1177 2685; x_wconf 83' lang='lat' dir='ltr'><strong>monumentum</strong></span> <span class='ocrx_word' id='word_1_148' title='bbox 1223 2635 1321 2687; x_wconf 84' lang='lat' dir='ltr'><strong>sub</strong></span> 
     </span>
     <span class='ocr_line' id='line_1_28' title="bbox 266 2709 1321 2763; baseline 0.004 -4"><span class='ocrx_word' id='word_1_149' title='bbox 266 2709 350 2760; x_wconf 90' lang='lat' dir='ltr'><strong>illo</strong></span> <span class='ocrx_word' id='word_1_150' title='bbox 365 2712 462 2761; x_wconf 87' lang='lat' dir='ltr'><strong>situ</strong></span> <span class='ocrx_word' id='word_1_151' title='bbox 489 2710 795 2761; x_wconf 87' lang='lat' dir='ltr'><strong>mendorum</strong></span> <span class='ocrx_word' id='word_1_152' title='bbox 816 2711 1036 2762; x_wconf 86' lang='lat' dir='ltr'><strong>latebat.</strong></span> <span class='ocrx_word' id='word_1_153' title='bbox 1078 2711 1150 2763; x_wconf 82' lang='lat' dir='ltr'><strong>At</strong></span> <span class='ocrx_word' id='word_1_154' title='bbox 1163 2714 1321 2763; x_wconf 86' lang='lat' dir='ltr'><strong>enim·</strong></span> 
     </span>
     <span class='ocr_line' id='line_1_29' title="bbox 268 2786 1321 2855; baseline 0.006 -20"><span class='ocrx_word' id='word_1_155' title='bbox 268 2799 384 2836; x_wconf 79' lang='lat' dir='ltr'><strong>vero</strong></span> <span class='ocrx_word' id='word_1_156' title='bbox 408 2788 518 2852; x_wconf 80' lang='lat' dir='ltr'><strong>jam</strong></span> <span class='ocrx_word' id='word_1_157' title='bbox 547 2787 693 2837; x_wconf 74' lang='lat' dir='ltr'><strong>Festi</strong></span> <span class='ocrx_word' id='word_1_158' title='bbox 728 2786 885 2838; x_wconf 83' lang='lat' dir='ltr'><strong>verba</strong></span> <span class='ocrx_word' id='word_1_159' title='bbox 923 2790 1035 2839; x_wconf 88' lang='lat' dir='ltr'><strong>luce</strong></span> <span class='ocrx_word' id='word_1_160' title='bbox 1068 2789 1183 2855; x_wconf 85' lang='lat' dir='ltr'><strong>ipsa</strong></span> <span class='ocrx_word' id='word_1_161' title='bbox 1220 2791 1321 2841; x_wconf 91' lang='lat' dir='ltr'><strong>cla·</strong></span> 
     </span>
     <span class='ocr_line' id='line_1_30' title="bbox 266 2865 1321 2932; baseline 0.006 -19"><span class='ocrx_word' id='word_1_162' title='bbox 266 2865 394 2915; x_wconf 89' lang='lat' dir='ltr'><strong>riora</strong></span> <span class='ocrx_word' id='word_1_163' title='bbox 430 2872 576 2928; x_wconf 86' lang='lat' dir='ltr'><strong>sunt,</strong></span> <span class='ocrx_word' id='word_1_164' title='bbox 619 2879 786 2929; x_wconf 87' lang='lat' dir='ltr'><strong>neque</strong></span> <span class='ocrx_word' id='word_1_165' title='bbox 818 2874 972 2928; x_wconf 77' lang='lat' dir='ltr'><strong>egent</strong></span> <span class='ocrx_word' id='word_1_166' title='bbox 1012 2866 1321 2932; x_wconf 84' lang='lat' dir='ltr'><strong>interpreta-</strong></span> 
     </span>
     <span class='ocr_line' id='line_1_31' title="bbox 266 2941 1321 3008; baseline 0.005 -18"><span class='ocrx_word' id='word_1_167' title='bbox 266 2941 431 2991; x_wconf 83' lang='lat' dir='ltr'><strong>tione:</strong></span> <span class='ocrx_word' id='word_1_168' title='bbox 467 2941 680 2993; x_wconf 81' lang='lat' dir='ltr'><strong>tametsi</strong></span> <span class='ocrx_word' id='word_1_169' title='bbox 702 2942 769 2992; x_wconf 85' lang='lat' dir='ltr'><strong>ab</strong></span> <span class='ocrx_word' id='word_1_170' title='bbox 798 2942 886 2992; x_wconf 89' lang='lat' dir='ltr'><strong>illo</strong></span> <span class='ocrx_word' id='word_1_171' title='bbox 919 2941 1128 2993; x_wconf 86' lang='lat' dir='ltr'><strong>dicatur</strong></span> <span class='ocrx_word' id='word_1_172' title='bbox 1158 2960 1321 3008; x_wconf 78' lang='lat' dir='ltr'><strong>augur</strong></span> 
     </span>
     <span class='ocr_line' id='line_1_32' title="bbox 267 3018 1321 3083; baseline 0.004 -15"><span class='ocrx_word' id='word_1_173' title='bbox 267 3027 431 3069; x_wconf 84' lang='lat' dir='ltr'><strong>cotem</strong></span> <span class='ocrx_word' id='word_1_174' title='bbox 455 3018 774 3083; x_wconf 66' lang='lat' dir='ltr'><strong>praecidisse,</strong></span> <span class='ocrx_word' id='word_1_175' title='bbox 795 3033 898 3069; x_wconf 92' lang='lat' dir='ltr'><strong>non</strong></span> <span class='ocrx_word' id='word_1_176' title='bbox 917 3034 1029 3076; x_wconf 80' lang='lat' dir='ltr'><strong>rex.</strong></span> <span class='ocrx_word' id='word_1_177' title='bbox 1048 3028 1104 3069; x_wconf 91' lang='lat' dir='ltr'><strong>nt</strong></span> <span class='ocrx_word' id='word_1_178' title='bbox 1122 3020 1187 3071; x_wconf 86' lang='lat' dir='ltr'><strong>ab</strong></span> <span class='ocrx_word' id='word_1_179' title='bbox 1210 3022 1321 3073; x_wconf 89' lang='lat' dir='ltr'><strong>aliis</strong></span> 
     </span>
     <span class='ocr_line' id='line_1_33' title="bbox 267 3093 1322 3159; baseline 0.005 -14"><span class='ocrx_word' id='word_1_180' title='bbox 267 3097 511 3159; x_wconf 78' lang='lat' dir='ltr'>proditur.</span> <span class='ocrx_word' id='word_1_181' title='bbox 596 3094 696 3145; x_wconf 84' lang='lat' dir='ltr'><strong>Sed</strong></span> <span class='ocrx_word' id='word_1_182' title='bbox 721 3109 752 3144; x_wconf 94' lang='lat' dir='ltr'><strong>a</strong></span> <span class='ocrx_word' id='word_1_183' title='bbox 772 3093 961 3146; x_wconf 81' lang='lat' dir='ltr'><strong>fabulis</strong></span> <span class='ocrx_word' id='word_1_184' title='bbox 986 3112 1087 3147; x_wconf 91' lang='lat' dir='ltr'><strong>non</strong></span> <span class='ocrx_word' id='word_1_185' title='bbox 1113 3107 1191 3149; x_wconf 91' lang='lat' dir='ltr'><strong>est</strong></span> <span class='ocrx_word' id='word_1_186' title='bbox 1213 3100 1322 3151; x_wconf 78' lang='lat' dir='ltr'><strong>exi·</strong></span> 
     </span>
     <span class='ocr_line' id='line_1_34' title="bbox 265 3172 1323 3237; baseline 0.006 -15"><span class='ocrx_word' id='word_1_187' title='bbox 265 3173 422 3236; x_wconf 78' lang='lat' dir='ltr'><strong>genda</strong></span> <span class='ocrx_word' id='word_1_188' title='bbox 443 3172 611 3236; x_wconf 80' lang='lat' dir='ltr'><strong>fides3</strong></span> <span class='ocrx_word' id='word_1_189' title='bbox 648 3174 957 3237; x_wconf 65' lang='lat' dir='ltr'><strong>presertim,</strong></span> <span class='ocrx_word' id='word_1_190' title='bbox 973 3190 1090 3226; x_wconf 88' lang='lat' dir='ltr'><strong>cum</strong></span> <span class='ocrx_word' id='word_1_191' title='bbox 1103 3176 1323 3229; x_wconf 82' lang='lat' dir='ltr'><strong>Lactan-</strong></span> 
     </span>
     <span class='ocr_line' id='line_1_35' title="bbox 267 3249 1322 3317; baseline 0.006 -17"><span class='ocrx_word' id='word_1_192' title='bbox 267 3250 364 3300; x_wconf 86' lang='lat' dir='ltr'><strong>tius</strong></span> <span class='ocrx_word' id='word_1_193' title='bbox 406 3251 547 3302; x_wconf 82' lang='lat' dir='ltr'><strong>idem</strong></span> <span class='ocrx_word' id='word_1_194' title='bbox 594 3249 751 3307; x_wconf 86' lang='lat' dir='ltr'><strong>dicat.</strong></span> <span class='ocrx_word' id='word_1_195' title='bbox 805 3252 942 3317; x_wconf 84' lang='lat' dir='ltr'><strong>quod</strong></span> <span class='ocrx_word' id='word_1_196' title='bbox 992 3254 1189 3304; x_wconf 77' lang='lat' dir='ltr'><strong>Festus.</strong></span> <span class='ocrx_word' id='word_1_197' title='bbox 1257 3255 1322 3306; x_wconf 89' lang='lat' dir='ltr'><strong>In</strong></span> 
     </span>
     <span class='ocr_line' id='line_1_36' title="bbox 269 3327 1323 3397; baseline 0.007 -22"><span class='ocrx_word' id='word_1_198' title='bbox 269 3328 538 3390; x_wconf 80' lang='lat' dir='ltr'><strong>postremis</strong></span> <span class='ocrx_word' id='word_1_199' title='bbox 575 3327 746 3377; x_wconf 81' lang='lat' dir='ltr'><strong>verbis</strong></span> <span class='ocrx_word' id='word_1_200' title='bbox 775 3327 1028 3380; x_wconf 83' lang='lat' dir='ltr'><strong>Plinianis</strong></span> <span class='ocrx_word' id='word_1_201' title='bbox 1065 3331 1323 3397; x_wconf 75' lang='lat' dir='ltr'><strong>elegantia</strong></span> 
     </span>
     <span class='ocr_line' id='line_1_37' title="bbox 265 3402 1319 3472; baseline 0.008 -20"><span class='ocrx_word' id='word_1_202' title='bbox 265 3402 486 3455; x_wconf 85' lang='lat' dir='ltr'><strong>latuerat</strong></span> <span class='ocrx_word' id='word_1_203' title='bbox 509 3418 621 3461; x_wconf 87' lang='lat' dir='ltr'><strong>eos,</strong></span> <span class='ocrx_word' id='word_1_204' title='bbox 654 3405 740 3469; x_wconf 86' lang='lat' dir='ltr'><strong>qui</strong></span> <span class='ocrx_word' id='word_1_205' title='bbox 764 3405 931 3456; x_wconf 89' lang='lat' dir='ltr'><strong>locum</strong></span> <span class='ocrx_word' id='word_1_206' title='bbox 961 3417 1319 3472; x_wconf 82' lang='lat' dir='ltr'><strong>corruperunt.</strong></span> 
     </span>
     <span class='ocr_line' id='line_1_38' title="bbox 269 3482 1322 3553; baseline 0.005 -24"><span class='ocrx_word' id='word_1_207' title='bbox 269 3482 409 3540; x_wconf 66' lang='lat' dir='ltr'><strong>Nan.</strong></span> <span class='ocrx_word' id='word_1_208' title='bbox 432 3483 548 3533; x_wconf 81' lang='lat' dir='ltr'><strong>ilico</strong></span> <span class='ocrx_word' id='word_1_209' title='bbox 568 3482 759 3546; x_wconf 69' lang='lat' dir='ltr'><strong>arescit,</strong></span> <span class='ocrx_word' id='word_1_210' title='bbox 793 3497 956 3533; x_wconf 74' lang='lat' dir='ltr'><strong>rursus</strong></span> <span class='ocrx_word' id='word_1_211' title='bbox 990 3484 1188 3548; x_wconf 64' lang='lat' dir='ltr'><strong>sev-itu,</strong></span> <span class='ocrx_word' id='word_1_212' title='bbox 1220 3495 1322 3553; x_wconf 81' lang='lat' dir='ltr'><strong>est,</strong></span> 
     </span>
     <span class='ocr_line' id='line_1_39' title="bbox 265 3558 1322 3622; baseline 0.008 -16"><span class='ocrx_word' id='word_1_213' title='bbox 265 3558 448 3608; x_wconf 88' lang='lat' dir='ltr'><strong>‘simul</strong></span> <span class='ocrx_word' id='word_1_214' title='bbox 494 3573 560 3609; x_wconf 89' lang='lat' dir='ltr'><strong>ac</strong></span> <span class='ocrx_word' id='word_1_215' title='bbox 617 3559 825 3622; x_wconf 83' lang='lat' dir='ltr'><strong>arescit,</strong></span> <span class='ocrx_word' id='word_1_216' title='bbox 862 3560 1039 3611; x_wconf 85' lang='lat' dir='ltr'><strong>statim</strong></span> <span class='ocrx_word' id='word_1_217' title='bbox 1091 3562 1322 3614; x_wconf 88' lang='lat' dir='ltr'><strong>seritur.’</strong></span> 
     </span>
     <span class='ocr_line' id='line_1_40' title="bbox 270 3633 1322 3698; baseline 0.006 -15"><span class='ocrx_word' id='word_1_218' title='bbox 270 3633 486 3685; x_wconf 81' lang='lat' dir='ltr'><strong>Notabls</strong></span> <span class='ocrx_word' id='word_1_219' title='bbox 509 3642 566 3685; x_wconf 84' lang='lat' dir='ltr'><strong>et</strong></span> <span class='ocrx_word' id='word_1_220' title='bbox 587 3635 800 3696; x_wconf 82' lang='lat' dir='ltr'><strong>elegans</strong></span> <span class='ocrx_word' id='word_1_221' title='bbox 836 3635 1046 3686; x_wconf 80' lang='lat' dir='ltr'><strong>verbum</strong></span> <span class='ocrx_word' id='word_1_222' title='bbox 1072 3637 1123 3687; x_wconf 91' lang='lat' dir='ltr'><strong>in</strong></span> <span class='ocrx_word' id='word_1_223' title='bbox 1150 3639 1322 3698; x_wconf 81' lang='lat' dir='ltr'><strong>Festo,</strong></span> 
     </span>
     <span class='ocr_line' id='line_1_41' title="bbox 209 3705 1322 3776; baseline 0.007 -20"><span class='ocrx_word' id='word_1_224' title='bbox 209 3705 229 3727; x_wconf 77' lang='lat'><strong>‘⁸</strong></span> <span class='ocrx_word' id='word_1_225' title='bbox 271 3707 554 3762; x_wconf 69' lang='lat' dir='ltr'><strong>Subserere:</strong></span> <span class='ocrx_word' id='word_1_226' title='bbox 589 3710 727 3776; x_wconf 82' lang='lat' dir='ltr'><strong>quod</strong></span> <span class='ocrx_word' id='word_1_227' title='bbox 770 3717 867 3776; x_wconf 85' lang='lat' dir='ltr'><strong>est,</strong></span> <span class='ocrx_word' id='word_1_228' title='bbox 905 3713 1076 3776; x_wconf 88' lang='lat' dir='ltr'><strong>priore</strong></span> <span class='ocrx_word' id='word_1_229' title='bbox 1100 3722 1212 3763; x_wconf 87' lang='lat' dir='ltr'><strong>sata</strong></span> <span class='ocrx_word' id='word_1_230' title='bbox 1242 3729 1322 3764; x_wconf 89' lang='lat' dir='ltr'><strong>ar-</strong></span> 
     </span>
     <span class='ocr_line' id='line_1_42' title="bbox 270 3788 1321 3854; baseline 0.002 -15"><span class='ocrx_word' id='word_1_231' title='bbox 270 3788 395 3840; x_wconf 90' lang='lat' dir='ltr'><strong>bore</strong></span> <span class='ocrx_word' id='word_1_232' title='bbox 413 3790 773 3846; x_wconf 86' lang='lat' dir='ltr'><strong>intermortua,</strong></span> <span class='ocrx_word' id='word_1_233' title='bbox 791 3788 941 3839; x_wconf 84' lang='lat' dir='ltr'><strong>aliam</strong></span> <span class='ocrx_word' id='word_1_234' title='bbox 963 3789 1015 3839; x_wconf 90' lang='lat' dir='ltr'><strong>in</strong></span> <span class='ocrx_word' id='word_1_235' title='bbox 1034 3790 1141 3854; x_wconf 81' lang='lat' dir='ltr'><strong>ejus</strong></span> <span class='ocrx_word' id='word_1_236' title='bbox 1156 3791 1321 3841; x_wconf 88' lang='lat' dir='ltr'><strong>locum</strong></span> 
     </span>
     <span class='ocr_line' id='line_1_43' title="bbox 271 3865 1322 3931; baseline 0.001 -16"><span class='ocrx_word' id='word_1_237' title='bbox 271 3881 460 3918; x_wconf 84' lang='lat' dir='ltr'><strong>serere.</strong></span> <span class='ocrx_word' id='word_1_238' title='bbox 516 3866 806 3931; x_wconf 74' lang='lat' dir='ltr'><strong>Praeterea,</strong></span> <span class='ocrx_word' id='word_1_239' title='bbox 841 3880 958 3916; x_wconf 90' lang='lat' dir='ltr'><strong>cum</strong></span> <span class='ocrx_word' id='word_1_240' title='bbox 989 3865 1117 3916; x_wconf 88' lang='lat' dir='ltr'><strong>dicit</strong></span> <span class='ocrx_word' id='word_1_241' title='bbox 1152 3868 1322 3917; x_wconf 88' lang='lat' dir='ltr'><strong>locum</strong></span> 
     </span>
     <span class='ocr_line' id='line_1_44' title="bbox 273 3949 1324 4010; baseline 0.003 -18"><span class='ocrx_word' id='word_1_242' title='bbox 273 3952 781 4008; x_wconf 83' lang='lat' dir='ltr'><strong>consecratum,eum</strong></span> <span class='ocrx_word' id='word_1_243' title='bbox 811 3958 944 4007; x_wconf 79' lang='lat' dir='ltr'><strong>esse,</strong></span> <span class='ocrx_word' id='word_1_244' title='bbox 960 3959 1113 4010; x_wconf 85' lang='lat' dir='ltr'><strong>quem</strong></span> <span class='ocrx_word' id='word_1_245' title='bbox 1145 3953 1200 3995; x_wconf 85' lang='lat' dir='ltr'><strong>et</strong></span> <span class='ocrx_word' id='word_1_246' title='bbox 1230 3949 1324 4001; x_wconf 73' lang='grc' dir='ltr'><strong>βω·</strong></span> 
     </span>
     <span class='ocr_line' id='line_1_45' title="bbox 273 4020 1324 4092; baseline 0.002 -22"><span class='ocrx_word' id='word_1_247' title='bbox 273 4020 360 4084; x_wconf 61' lang='lat' dir='ltr'><strong>aba</strong></span> <span class='ocrx_word' id='word_1_248' title='bbox 394 4021 690 4092; x_wconf 73' lang='lat' dir='ltr'><strong>Dionysius,</strong></span> <span class='ocrx_word' id='word_1_249' title='bbox 726 4028 781 4072; x_wconf 83' lang='lat' dir='ltr'><strong>et</strong></span> <span class='ocrx_word' id='word_1_250' title='bbox 821 4022 908 4072; x_wconf 85' lang='lat' dir='ltr'><strong>alii</strong></span> <span class='ocrx_word' id='word_1_251' title='bbox 948 4021 1135 4072; x_wconf 85' lang='lat' dir='ltr'><strong>Puteal</strong></span> <span class='ocrx_word' id='word_1_252' title='bbox 1173 4038 1324 4073; x_wconf 80' lang='lat' dir='ltr'><strong>voca·</strong></span> 
     </span>
     <span class='ocr_line' id='line_1_46' title="bbox 274 4098 1322 4171; baseline 0.002 -24"><span class='ocrx_word' id='word_1_253' title='bbox 274 4099 416 4152; x_wconf 85' lang='lat' dir='ltr'><strong>bant.</strong></span> <span class='ocrx_word' id='word_1_254' title='bbox 456 4099 640 4164; x_wconf 80' lang='lat' dir='ltr'>Neque</span> <span class='ocrx_word' id='word_1_255' title='bbox 667 4098 1162 4171; x_wconf 77' lang='lat' dir='ltr'><strong>praetermittendum</strong></span> <span class='ocrx_word' id='word_1_256' title='bbox 1186 4099 1322 4165; x_wconf 88' lang='lat' dir='ltr'><strong>quod</strong></span> 
     </span>
     <span class='ocr_line' id='line_1_47' title="bbox 279 4175 1322 4235; baseline 0.004 -11"><span class='ocrx_word' id='word_1_257' title='bbox 279 4175 370 4235; x_wconf 86' lang='lat' dir='ltr'><strong>ait,</strong></span> <span class='ocrx_word' id='word_1_258' title='bbox 413 4176 597 4226; x_wconf 83' lang='lat' dir='ltr'><strong>multas</strong></span> <span class='ocrx_word' id='word_1_259' title='bbox 634 4176 707 4227; x_wconf 90' lang='lat' dir='ltr'><strong>ibi</strong></span> <span class='ocrx_word' id='word_1_260' title='bbox 750 4175 880 4228; x_wconf 77' lang='lat' dir='ltr'><strong>ficus</strong></span> <span class='ocrx_word' id='word_1_261' title='bbox 929 4182 1079 4229; x_wconf 71' lang='lat' dir='ltr'><strong>natos</strong></span> <span class='ocrx_word' id='word_1_262' title='bbox 1124 4175 1322 4229; x_wconf 78' lang='lat' dir='ltr'><strong>fuisse:</strong></span> 
     </span>
    </p>
   </div>
   <div class='ocr_carea' id='block_1_6' title="bbox 1396 1012 2466 4244">
    <p class='ocr_par' dir='ltr' id='par_1_6' title="bbox 1396 1012 2465 3608">
     <span class='ocr_line' id='line_1_48' title="bbox 1396 1012 2456 1083; baseline 0.007 -21"><span class='ocrx_word' id='word_1_263' title='bbox 1396 1012 1699 1077; x_wconf 74' lang='lat' dir='ltr'><strong>Dionysium</strong></span> <span class='ocrx_word' id='word_1_264' title='bbox 1725 1030 1826 1066; x_wconf 92' lang='lat' dir='ltr'><strong>non</strong></span> <span class='ocrx_word' id='word_1_265' title='bbox 1850 1015 2077 1080; x_wconf 85' lang='lat' dir='ltr'><strong>ficetum,</strong></span> <span class='ocrx_word' id='word_1_266' title='bbox 2093 1017 2184 1068; x_wconf 82' lang='lat' dir='ltr'><strong>sed</strong></span> <span class='ocrx_word' id='word_1_267' title='bbox 2210 1018 2456 1083; x_wconf 82' lang='lat' dir='ltr'><strong>simplici-</strong></span> 
     </span>
     <span class='ocr_line' id='line_1_49' title="bbox 1397 1091 2457 1159; baseline 0.006 -19"><span class='ocrx_word' id='word_1_268' title='bbox 1397 1097 1481 1141; x_wconf 83' lang='lat' dir='ltr'><strong>ter</strong></span> <span class='ocrx_word' id='word_1_269' title='bbox 1505 1091 1621 1151; x_wconf 73' lang='grc' dir='ltr'><strong>ὕλην</strong></span> <span class='ocrx_word' id='word_1_270' title='bbox 1642 1096 1838 1150; x_wconf 76' lang='grc' dir='ltr'>βαθεῖαν</span> <span class='ocrx_word' id='word_1_271' title='bbox 1861 1109 2098 1145; x_wconf 82' lang='lat' dir='ltr'><strong>vocasse:</strong></span> <span class='ocrx_word' id='word_1_272' title='bbox 2135 1095 2279 1159; x_wconf 89' lang='lat' dir='ltr'><strong>cujus</strong></span> <span class='ocrx_word' id='word_1_273' title='bbox 2300 1096 2457 1146; x_wconf 82' lang='lat' dir='ltr'><strong>verba</strong></span> 
     </span>
     <span class='ocr_line' id='line_1_50' title="bbox 1399 1168 2459 1235; baseline 0.006 -17"><span class='ocrx_word' id='word_1_274' title='bbox 1399 1168 1509 1220; x_wconf 74' lang='lat' dir='ltr'><strong>haec</strong></span> <span class='ocrx_word' id='word_1_275' title='bbox 1535 1181 1654 1222; x_wconf 83' lang='lat' dir='ltr'><strong>sunt</strong></span> <span class='ocrx_word' id='word_1_276' title='bbox 1674 1187 1738 1222; x_wconf 88' lang='lat' dir='ltr'><strong>ex</strong></span> <span class='ocrx_word' id='word_1_277' title='bbox 1759 1173 1847 1223; x_wconf 87' lang='lat' dir='ltr'><strong>lib.</strong></span> <span class='ocrx_word' id='word_1_278' title='bbox 1869 1187 1907 1223; x_wconf 88' lang='grc' dir='ltr'><strong>ι.</strong></span> <span class='ocrx_word' id='word_1_279' title='bbox 1929 1172 1959 1232; x_wconf 79' lang='grc' dir='ltr'><strong><em>ἦ</em></strong></span> <span class='ocrx_word' id='word_1_280' title='bbox 1977 1171 2027 1221; x_wconf 70' lang='grc' dir='ltr'><strong>δὲ</strong></span> <span class='ocrx_word' id='word_1_281' title='bbox 2044 1170 2240 1223; x_wconf 70' lang='grc' dir='ltr'><strong>λύκαινα</strong></span> <span class='ocrx_word' id='word_1_282' title='bbox 2255 1173 2309 1223; x_wconf 75' lang='grc' dir='ltr'><strong>οὔ</strong></span> <span class='ocrx_word' id='word_1_283' title='bbox 2328 1177 2459 1235; x_wconf 71' lang='grc' dir='ltr'><strong>μάλα</strong></span> 
     </span>
     <span class='ocr_line' id='line_1_51' title="bbox 1399 1244 2454 1315; baseline 0.004 -20"><span class='ocrx_word' id='word_1_284' title='bbox 1399 1244 1705 1310; x_wconf 73' lang='grc' dir='ltr'><strong>ἆγριαίνουσα</strong></span> <span class='ocrx_word' id='word_1_285' title='bbox 1739 1252 1834 1299; x_wconf 76' lang='grc' dir='ltr'><strong>τῦν</strong></span> <span class='ocrx_word' id='word_1_286' title='bbox 1866 1248 2113 1314; x_wconf 58' lang='lat' dir='ltr'><strong>&amp;dp-brar</strong></span> <span class='ocrx_word' id='word_1_287' title='bbox 2136 1250 2199 1315; x_wconf 78' lang='grc' dir='ltr'><strong>τῇ</strong></span> <span class='ocrx_word' id='word_1_288' title='bbox 2220 1249 2454 1314; x_wconf 58' lang='grc' dir='ltr'><strong><em>προσόδῳ,</em></strong></span> 
     </span>
     <span class='ocr_line' id='line_1_52' title="bbox 1397 1324 2461 1393; baseline 0.001 -19"><span class='ocrx_word' id='word_1_289' title='bbox 1397 1324 1512 1374; x_wconf 68' lang='grc' dir='ltr'><strong>ἀλλ’</strong></span> <span class='ocrx_word' id='word_1_290' title='bbox 1532 1326 1690 1391; x_wconf 66' lang='grc' dir='ltr'><strong>ὅπερ</strong></span> <span class='ocrx_word' id='word_1_291' title='bbox 1719 1327 1780 1378; x_wconf 66' lang='lat' dir='ltr'><strong>&amp;r</strong></span> <span class='ocrx_word' id='word_1_292' title='bbox 1805 1328 2070 1393; x_wconf 65' lang='grc' dir='ltr'><strong><em>χειροήθης,</em></strong></span> <span class='ocrx_word' id='word_1_293' title='bbox 2090 1328 2346 1379; x_wconf 64' lang='grc' dir='ltr'><strong>ἀποστᾶσα</strong></span> <span class='ocrx_word' id='word_1_294' title='bbox 2363 1330 2461 1388; x_wconf 45' lang='grc' dir='ltr'><strong>,τῦν</strong></span> 
     </span>
     <span class='ocr_line' id='line_1_53' title="bbox 1398 1403 2462 1468; baseline 0.002 -15"><span class='ocrx_word' id='word_1_295' title='bbox 1398 1403 1586 1466; x_wconf 66' lang='grc' dir='ltr'><strong><em>βρεφῶν</em></strong></span> <span class='ocrx_word' id='word_1_296' title='bbox 1606 1403 1772 1467; x_wconf 67' lang='grc' dir='ltr'><strong>ἠρέμα,</strong></span> <span class='ocrx_word' id='word_1_297' title='bbox 1790 1406 1869 1455; x_wconf 74' lang='grc' dir='ltr'><strong>καὶ</strong></span> <span class='ocrx_word' id='word_1_298' title='bbox 1905 1406 2029 1457; x_wconf 77' lang='grc' dir='ltr'><strong>κατὰ</strong></span> <span class='ocrx_word' id='word_1_299' title='bbox 2049 1406 2241 1466; x_wconf 66' lang='grc' dir='ltr'><strong><em>πολλὴν</em></strong></span> <span class='ocrx_word' id='word_1_300' title='bbox 2259 1404 2462 1468; x_wconf 73' lang='grc' dir='ltr'><strong>ἀλογίαν</strong></span> 
     </span>
     <span class='ocr_line' id='line_1_54' title="bbox 1399 1476 2461 1548; baseline 0.008 -24"><span class='ocrx_word' id='word_1_301' title='bbox 1399 1476 1488 1528; x_wconf 76' lang='grc' dir='ltr'><strong>τοῦ</strong></span> <span class='ocrx_word' id='word_1_302' title='bbox 1508 1481 1781 1540; x_wconf 67' lang='grc' dir='ltr'><strong><em>ποιμενικοῦ</em></strong></span> <span class='ocrx_word' id='word_1_303' title='bbox 1804 1481 1987 1543; x_wconf 74' lang='grc' dir='ltr'><strong><em>ὁμίλου,</em></strong></span> <span class='ocrx_word' id='word_1_304' title='bbox 2011 1479 2165 1548; x_wconf 57' lang='lat' dir='ltr'><strong>urfica.</strong></span> <span class='ocrx_word' id='word_1_305' title='bbox 2190 1481 2266 1532; x_wconf 73' lang='grc' dir='ltr'><strong>καὶ</strong></span> <span class='ocrx_word' id='word_1_306' title='bbox 2288 1480 2348 1541; x_wconf 76' lang='grc' dir='ltr'><strong>ἣν</strong></span> <span class='ocrx_word' id='word_1_307' title='bbox 2365 1480 2461 1547; x_wconf 72' lang='grc' dir='ltr'><strong>γάρ</strong></span> 
     </span>
     <span class='ocr_line' id='line_1_55' title="bbox 1398 1554 2460 1623; baseline 0.005 -21"><span class='ocrx_word' id='word_1_308' title='bbox 1398 1570 1473 1603; x_wconf 72' lang='grc' dir='ltr'><strong>τις</strong></span> <span class='ocrx_word' id='word_1_309' title='bbox 1493 1554 1551 1604; x_wconf 76' lang='grc' dir='ltr'><strong>οὔ</strong></span> <span class='ocrx_word' id='word_1_310' title='bbox 1580 1555 1708 1605; x_wconf 66' lang='grc' dir='ltr'><strong>πολὺ</strong></span> <span class='ocrx_word' id='word_1_311' title='bbox 1727 1555 1923 1621; x_wconf 57' lang='grc' dir='ltr'><strong>ἀπέχων</strong></span> <span class='ocrx_word' id='word_1_312' title='bbox 1944 1557 2066 1621; x_wconf 66' lang='grc' dir='ltr'><strong><em>ἱερὸς</em></strong></span> <span class='ocrx_word' id='word_1_313' title='bbox 2086 1560 2239 1621; x_wconf 71' lang='grc' dir='ltr'><strong><em>χῦρος</em></strong></span> <span class='ocrx_word' id='word_1_314' title='bbox 2259 1558 2350 1623; x_wconf 70' lang='grc' dir='ltr'><strong>ὕλῃ</strong></span> <span class='ocrx_word' id='word_1_315' title='bbox 2371 1562 2460 1614; x_wconf 83' lang='grc' dir='ltr'><strong>βα-</strong></span> 
     </span>
     <span class='ocr_line' id='line_1_56' title="bbox 1400 1631 2462 1700; baseline 0.006 -20"><span class='ocrx_word' id='word_1_316' title='bbox 1400 1631 1501 1697; x_wconf 74' lang='grc' dir='ltr'><strong>θείᾳ</strong></span> <span class='ocrx_word' id='word_1_317' title='bbox 1521 1634 1803 1699; x_wconf 71' lang='grc' dir='ltr'><strong><em>συνηρεφὴς,</em></strong></span> <span class='ocrx_word' id='word_1_318' title='bbox 1821 1639 1918 1686; x_wconf 83' lang='lat' dir='ltr'><strong>&amp;c.</strong></span> <span class='ocrx_word' id='word_1_319' title='bbox 1952 1637 2092 1700; x_wconf 74' lang='lat' dir='ltr'><strong>Lege</strong></span> <span class='ocrx_word' id='word_1_320' title='bbox 2113 1636 2325 1700; x_wconf 86' lang='lat' dir='ltr'><strong>reliqua.</strong></span> <span class='ocrx_word' id='word_1_321' title='bbox 2356 1637 2462 1686; x_wconf 85' lang='lat' dir='ltr'><strong>En·</strong></span> 
     </span>
     <span class='ocr_line' id='line_1_57' title="bbox 1401 1709 2460 1777; baseline 0.002 -18"><span class='ocrx_word' id='word_1_322' title='bbox 1401 1709 1518 1760; x_wconf 85' lang='lat' dir='ltr'><strong>nius</strong></span> <span class='ocrx_word' id='word_1_323' title='bbox 1542 1726 1764 1777; x_wconf 86' lang='lat' dir='ltr'><strong>quoque,</strong></span> <span class='ocrx_word' id='word_1_324' title='bbox 1789 1728 1905 1763; x_wconf 89' lang='lat' dir='ltr'><strong>cum</strong></span> <span class='ocrx_word' id='word_1_325' title='bbox 1930 1712 1995 1762; x_wconf 86' lang='lat' dir='ltr'><strong>de</strong></span> <span class='ocrx_word' id='word_1_326' title='bbox 2008 1711 2186 1761; x_wconf 86' lang='lat' dir='ltr'><strong>eadem</strong></span> <span class='ocrx_word' id='word_1_327' title='bbox 2208 1726 2263 1761; x_wconf 92' lang='lat' dir='ltr'><strong>re</strong></span> <span class='ocrx_word' id='word_1_328' title='bbox 2283 1713 2460 1777; x_wconf 85' lang='lat' dir='ltr'><strong>loque·</strong></span> 
     </span>
     <span class='ocr_line' id='line_1_58' title="bbox 1402 1783 2461 1853; baseline 0.004 -19"><span class='ocrx_word' id='word_1_329' title='bbox 1402 1783 1563 1848; x_wconf 82' lang='lat' dir='ltr'><strong>retur,</strong></span> <span class='ocrx_word' id='word_1_330' title='bbox 1606 1802 1670 1836; x_wconf 82' lang='lat' dir='ltr'><strong>ex</strong></span> <span class='ocrx_word' id='word_1_331' title='bbox 1719 1804 1820 1853; x_wconf 87' lang='lat' dir='ltr'><strong>quo</strong></span> <span class='ocrx_word' id='word_1_332' title='bbox 1862 1788 1950 1838; x_wconf 87' lang='lat' dir='ltr'><strong>illa</strong></span> <span class='ocrx_word' id='word_1_333' title='bbox 1995 1803 2088 1838; x_wconf 79' lang='lat' dir='ltr'><strong>sua</strong></span> <span class='ocrx_word' id='word_1_334' title='bbox 2134 1789 2461 1852; x_wconf 87' lang='lat' dir='ltr'><strong>transcripsit</strong></span> 
     </span>
     <span class='ocr_line' id='line_1_59' title="bbox 1402 1862 2461 1929; baseline 0.002 -17"><span class='ocrx_word' id='word_1_335' title='bbox 1402 1862 1681 1928; x_wconf 85' lang='lat' dir='ltr'><strong>Dionysius</strong></span> <span class='ocrx_word' id='word_1_336' title='bbox 1707 1879 1854 1929; x_wconf 77' lang='lat' dir='ltr'><strong>paeue</strong></span> <span class='ocrx_word' id='word_1_337' title='bbox 1878 1865 1940 1915; x_wconf 82' lang='lat' dir='ltr'><strong>ad</strong></span> <span class='ocrx_word' id='word_1_338' title='bbox 1974 1864 2208 1928; x_wconf 74' lang='lat' dir='ltr'><strong>verbum,</strong></span> <span class='ocrx_word' id='word_1_339' title='bbox 2243 1879 2342 1914; x_wconf 88' lang='lat' dir='ltr'><strong>non</strong></span> <span class='ocrx_word' id='word_1_340' title='bbox 2370 1865 2461 1914; x_wconf 86' lang='lat' dir='ltr'><strong>ali·</strong></span> 
     </span>
     <span class='ocr_line' id='line_1_60' title="bbox 1400 1942 2457 2006; baseline 0.002 -16"><span class='ocrx_word' id='word_1_341' title='bbox 1400 1947 1497 2001; x_wconf 85' lang='lat' dir='ltr'><strong>ter,</strong></span> <span class='ocrx_word' id='word_1_342' title='bbox 1515 1957 1666 2006; x_wconf 84' lang='lat' dir='ltr'><strong>quam</strong></span> <span class='ocrx_word' id='word_1_343' title='bbox 1682 1943 1863 1992; x_wconf 79' lang='lat' dir='ltr'><strong>silvam</strong></span> <span class='ocrx_word' id='word_1_344' title='bbox 1885 1950 2033 1992; x_wconf 81' lang='lat' dir='ltr'><strong>vocat</strong></span> <span class='ocrx_word' id='word_1_345' title='bbox 2054 1942 2240 1993; x_wconf 83' lang='lat' dir='ltr'><strong>Annali</strong></span> <span class='ocrx_word' id='word_1_346' title='bbox 2261 1942 2457 2006; x_wconf 83' lang='lat' dir='ltr'><strong>primo:</strong></span> 
     </span>
     <span class='ocr_line' id='line_1_61' title="bbox 1399 2017 2462 2084; baseline 0 -16"><span class='ocrx_word' id='word_1_347' title='bbox 1399 2019 1414 2044; x_wconf 89' lang='lat'>‘</span> <span class='ocrx_word' id='word_1_348' title='bbox 1438 2017 1692 2069; x_wconf 67' lang='lat' dir='ltr'><strong>Indue-tur</strong></span> <span class='ocrx_word' id='word_1_349' title='bbox 1712 2021 1781 2070; x_wconf 86' lang='lat' dir='ltr'><strong>ibi</strong></span> <span class='ocrx_word' id='word_1_350' title='bbox 1799 2018 1940 2084; x_wconf 88' lang='lat' dir='ltr'><strong>lupu&#39;</strong></span> <span class='ocrx_word' id='word_1_351' title='bbox 1964 2018 2173 2069; x_wconf 82' lang='lat' dir='ltr'><strong>foemina</strong></span> <span class='ocrx_word' id='word_1_352' title='bbox 2196 2019 2462 2084; x_wconf 72' lang='lat' dir='ltr'>conspicio</span> 
     </span>
     <span class='ocr_line' id='line_1_62' title="bbox 1399 2095 2461 2161; baseline 0.002 -18"><span class='ocrx_word' id='word_1_353' title='bbox 1399 2106 1593 2144; x_wconf 80' lang='lat' dir='ltr'><strong>amens.</strong></span> <span class='ocrx_word' id='word_1_354' title='bbox 1652 2095 1792 2146; x_wconf 78' lang='lat' dir='ltr'><strong>Hinc</strong></span> <span class='ocrx_word' id='word_1_355' title='bbox 1830 2111 2066 2161; x_wconf 87' lang='lat' dir='ltr'><strong>campom</strong></span> <span class='ocrx_word' id='word_1_356' title='bbox 2106 2095 2265 2145; x_wconf 89' lang='lat' dir='ltr'><strong>celeri</strong></span> <span class='ocrx_word' id='word_1_357' title='bbox 2307 2111 2461 2159; x_wconf 85' lang='lat' dir='ltr'><strong>passu</strong></span> 
     </span>
     <span class='ocr_line' id='line_1_63' title="bbox 1404 2171 2463 2237; baseline 0.003 -20"><span class='ocrx_word' id='word_1_358' title='bbox 1404 2182 1679 2235; x_wconf 85' lang='lat' dir='ltr'><strong>permensa</strong></span> <span class='ocrx_word' id='word_1_359' title='bbox 1717 2187 1998 2237; x_wconf 75' lang='lat' dir='ltr'>parumper</span> <span class='ocrx_word' id='word_1_360' title='bbox 2025 2172 2249 2236; x_wconf 84' lang='lat' dir='ltr'><strong>Conjicit</strong></span> <span class='ocrx_word' id='word_1_361' title='bbox 2285 2171 2335 2220; x_wconf 90' lang='lat' dir='ltr'><strong>in</strong></span> <span class='ocrx_word' id='word_1_362' title='bbox 2376 2172 2463 2221; x_wconf 84' lang='lat' dir='ltr'><strong>sil·</strong></span> 
     </span>
     <span class='ocr_line' id='line_1_64' title="bbox 1406 2248 2461 2315; baseline 0.002 -19"><span class='ocrx_word' id='word_1_363' title='bbox 1406 2262 1518 2296; x_wconf 77' lang='lat' dir='ltr'><strong>vani</strong></span> <span class='ocrx_word' id='word_1_364' title='bbox 1540 2248 1685 2298; x_wconf 78' lang='lat' dir='ltr'><strong>sese&#39;</strong></span> <span class='ocrx_word' id='word_1_365' title='bbox 1706 2265 1822 2315; x_wconf 76' lang='lat' dir='ltr'><strong>quae</strong></span> <span class='ocrx_word' id='word_1_366' title='bbox 1857 2265 2028 2314; x_wconf 78' lang='lat' dir='ltr'><strong>poene,</strong></span> <span class='ocrx_word' id='word_1_367' title='bbox 2059 2257 2115 2299; x_wconf 86' lang='lat' dir='ltr'><strong>ut</strong></span> <span class='ocrx_word' id='word_1_368' title='bbox 2136 2249 2266 2311; x_wconf 82' lang='lat' dir='ltr'><strong>dixi,</strong></span> <span class='ocrx_word' id='word_1_369' title='bbox 2300 2249 2461 2300; x_wconf 85' lang='lat' dir='ltr'><strong>inter·</strong></span> 
     </span>
     <span class='ocr_line' id='line_1_65' title="bbox 1405 2327 2464 2392; baseline 0.006 -20"><span class='ocrx_word' id='word_1_370' title='bbox 1405 2333 1642 2388; x_wconf 68' lang='lat' dir='ltr'><strong>precatus</strong></span> <span class='ocrx_word' id='word_1_371' title='bbox 1677 2334 1758 2377; x_wconf 85' lang='lat' dir='ltr'><strong>est</strong></span> <span class='ocrx_word' id='word_1_372' title='bbox 1801 2328 1976 2392; x_wconf 79' lang='lat' dir='ltr'><strong>lingua</strong></span> <span class='ocrx_word' id='word_1_373' title='bbox 2023 2342 2116 2376; x_wconf 81' lang='lat' dir='ltr'><strong>sua</strong></span> <span class='ocrx_word' id='word_1_374' title='bbox 2159 2327 2464 2391; x_wconf 83' lang='lat' dir='ltr'><strong>Dionysius.</strong></span> 
     </span>
     <span class='ocr_line' id='line_1_66' title="bbox 1403 2401 2462 2469; baseline 0.001 -18"><span class='ocrx_word' id='word_1_375' title='bbox 1403 2401 1655 2452; x_wconf 80' lang='lat' dir='ltr'><strong>Ultimum</strong></span> <span class='ocrx_word' id='word_1_376' title='bbox 1680 2413 1776 2462; x_wconf 81' lang='lat' dir='ltr'><strong>est,</strong></span> <span class='ocrx_word' id='word_1_377' title='bbox 1808 2402 1942 2469; x_wconf 85' lang='lat' dir='ltr'><strong>quod</strong></span> <span class='ocrx_word' id='word_1_378' title='bbox 1976 2405 2121 2468; x_wconf 89' lang='lat' dir='ltr'><strong>ponit</strong></span> <span class='ocrx_word' id='word_1_379' title='bbox 2159 2403 2368 2467; x_wconf 82' lang='lat' dir='ltr'><strong>Festus,</strong></span> <span class='ocrx_word' id='word_1_380' title='bbox 2389 2403 2462 2453; x_wconf 78' lang='lat' dir='ltr'><strong>fa-</strong></span> 
     </span>
     <span class='ocr_line' id='line_1_67' title="bbox 1402 2479 2462 2532; baseline 0 -3"><span class='ocrx_word' id='word_1_381' title='bbox 1402 2484 1512 2529; x_wconf 81' lang='lat' dir='ltr'><strong>tum</strong></span> <span class='ocrx_word' id='word_1_382' title='bbox 1547 2479 1807 2532; x_wconf 87' lang='lat' dir='ltr'><strong>libertatis</strong></span> <span class='ocrx_word' id='word_1_383' title='bbox 1839 2482 1934 2532; x_wconf 87' lang='lat' dir='ltr'><strong>Po.</strong></span> <span class='ocrx_word' id='word_1_384' title='bbox 1970 2480 2070 2532; x_wconf 84' lang='lat' dir='ltr'><strong>Ro.</strong></span> <span class='ocrx_word' id='word_1_385' title='bbox 2107 2482 2156 2530; x_wconf 88' lang='lat' dir='ltr'><strong>in</strong></span> <span class='ocrx_word' id='word_1_386' title='bbox 2181 2496 2244 2531; x_wconf 86' lang='lat' dir='ltr'><strong>ea</strong></span> <span class='ocrx_word' id='word_1_387' title='bbox 2265 2480 2369 2531; x_wconf 84' lang='lat' dir='ltr'><strong>ficu</strong></span> <span class='ocrx_word' id='word_1_388' title='bbox 2394 2481 2462 2529; x_wconf 86' lang='lat' dir='ltr'><strong>si-</strong></span> 
     </span>
     <span class='ocr_line' id='line_1_68' title="bbox 1404 2555 2462 2622; baseline 0 -17"><span class='ocrx_word' id='word_1_389' title='bbox 1404 2561 1512 2605; x_wconf 87' lang='lat' dir='ltr'><strong>tum</strong></span> <span class='ocrx_word' id='word_1_390' title='bbox 1536 2555 1716 2607; x_wconf 82' lang='lat' dir='ltr'><strong>fuisse.</strong></span> <span class='ocrx_word' id='word_1_391' title='bbox 1772 2556 1940 2622; x_wconf 87' lang='lat' dir='ltr'><strong>quue</strong></span> <span class='ocrx_word' id='word_1_392' title='bbox 1980 2557 2263 2620; x_wconf 81' lang='lat' dir='ltr'><strong>aruspices,</strong></span> <span class='ocrx_word' id='word_1_393' title='bbox 2296 2566 2350 2605; x_wconf 80' lang='lat' dir='ltr'><strong>ct</strong></span> <span class='ocrx_word' id='word_1_394' title='bbox 2383 2571 2462 2605; x_wconf 86' lang='lat' dir='ltr'><strong>sa·</strong></span> 
     </span>
     <span class='ocr_line' id='line_1_69' title="bbox 1402 2635 2461 2700; baseline 0.001 -17"><span class='ocrx_word' id='word_1_395' title='bbox 1402 2647 1519 2683; x_wconf 83' lang='lat' dir='ltr'><strong>cras</strong></span> <span class='ocrx_word' id='word_1_396' title='bbox 1564 2644 1729 2685; x_wconf 86' lang='lat' dir='ltr'><strong>sortes</strong></span> <span class='ocrx_word' id='word_1_397' title='bbox 1772 2635 2130 2686; x_wconf 70' lang='lat' dir='ltr'><strong>admonuisse:</strong></span> <span class='ocrx_word' id='word_1_398' title='bbox 2182 2642 2461 2700; x_wconf 84' lang='lat' dir='ltr'><strong>propterea</strong></span> 
     </span>
     <span class='ocr_line' id='line_1_70' title="bbox 1402 2710 2459 2777; baseline 0.002 -18"><span class='ocrx_word' id='word_1_399' title='bbox 1402 2710 1681 2776; x_wconf 69' lang='lat' dir='ltr'><strong>diligenter</strong></span> <span class='ocrx_word' id='word_1_400' title='bbox 1696 2712 2085 2777; x_wconf 71' lang='lat' dir='ltr'><strong>subserebatur,</strong></span> <span class='ocrx_word' id='word_1_401' title='bbox 2099 2712 2252 2777; x_wconf 85' lang='lat' dir='ltr'><strong>adeo,</strong></span> <span class='ocrx_word' id='word_1_402' title='bbox 2269 2719 2325 2761; x_wconf 89' lang='lat' dir='ltr'><strong>ut</strong></span> <span class='ocrx_word' id='word_1_403' title='bbox 2343 2727 2459 2762; x_wconf 87' lang='lat' dir='ltr'><strong>cum</strong></span> 
     </span>
     <span class='ocr_line' id='line_1_71' title="bbox 1404 2788 2461 2855; baseline -0.001 -16"><span class='ocrx_word' id='word_1_404' title='bbox 1404 2788 1713 2840; x_wconf 71' lang='lat' dir='ltr'><strong>Neronianis</strong></span> <span class='ocrx_word' id='word_1_405' title='bbox 1742 2791 2084 2855; x_wconf 83' lang='lat' dir='ltr'><strong>temporibus,</strong></span> <span class='ocrx_word' id='word_1_406' title='bbox 2119 2798 2461 2840; x_wconf 70' lang='lat' dir='ltr'><strong>exarescente</strong></span> 
     </span>
     <span class='ocr_line' id='line_1_72' title="bbox 1404 2865 2461 2931; baseline -0.001 -16"><span class='ocrx_word' id='word_1_407' title='bbox 1404 2872 1608 2931; x_wconf 87' lang='lat' dir='ltr'><strong>trunco,</strong></span> <span class='ocrx_word' id='word_1_408' title='bbox 1646 2875 1702 2917; x_wconf 87' lang='lat' dir='ltr'><strong>et</strong></span> <span class='ocrx_word' id='word_1_409' title='bbox 1741 2869 1957 2917; x_wconf 83' lang='lat' dir='ltr'><strong>mortuis</strong></span> <span class='ocrx_word' id='word_1_410' title='bbox 1994 2866 2266 2917; x_wconf 82' lang='lat' dir='ltr'><strong>ramalibus</strong></span> <span class='ocrx_word' id='word_1_411' title='bbox 2301 2865 2461 2915; x_wconf 88' lang='lat' dir='ltr'><strong>demi-</strong></span> 
     </span>
     <span class='ocr_line' id='line_1_73' title="bbox 1401 2942 2462 3008; baseline 0.004 -20"><span class='ocrx_word' id='word_1_412' title='bbox 1401 2949 1529 2992; x_wconf 87' lang='lat' dir='ltr'><strong>nuta</strong></span> <span class='ocrx_word' id='word_1_413' title='bbox 1551 2951 1705 3001; x_wconf 83' lang='lat' dir='ltr'><strong>esset,</strong></span> <span class='ocrx_word' id='word_1_414' title='bbox 1727 2944 1839 2994; x_wconf 83' lang='lat' dir='ltr'><strong>loeo</strong></span> <span class='ocrx_word' id='word_1_415' title='bbox 1875 2944 2104 3008; x_wconf 84' lang='lat' dir='ltr'><strong>portenti</strong></span> <span class='ocrx_word' id='word_1_416' title='bbox 2138 2942 2367 2993; x_wconf 83' lang='lat' dir='ltr'><strong>habitum</strong></span> <span class='ocrx_word' id='word_1_417' title='bbox 2391 2942 2462 2992; x_wconf 88' lang='lat' dir='ltr'><strong>sit</strong></span> 
     </span>
     <span class='ocr_line' id='line_1_74' title="bbox 1403 3018 2463 3084; baseline 0.003 -17"><span class='ocrx_word' id='word_1_418' title='bbox 1403 3031 1434 3067; x_wconf 82' lang='lat' dir='ltr'><strong>s</strong></span> <span class='ocrx_word' id='word_1_419' title='bbox 1452 3018 1589 3084; x_wconf 84' lang='lat' dir='ltr'><strong>Pop.</strong></span> <span class='ocrx_word' id='word_1_420' title='bbox 1613 3020 1710 3070; x_wconf 87' lang='lat' dir='ltr'><strong>Ro.</strong></span> <span class='ocrx_word' id='word_1_421' title='bbox 1735 3027 1917 3071; x_wconf 83' lang='lat' dir='ltr'><strong>auctor</strong></span> <span class='ocrx_word' id='word_1_422' title='bbox 1940 3020 2212 3071; x_wconf 87' lang='lat' dir='ltr'><strong>Cornelius</strong></span> <span class='ocrx_word' id='word_1_423' title='bbox 2235 3020 2463 3070; x_wconf 81' lang='lat' dir='ltr'><strong>Tacitus.</strong></span> 
     </span>
     <span class='ocr_line' id='line_1_75' title="bbox 1404 3095 2465 3164; baseline 0 -18"><span class='ocrx_word' id='word_1_424' title='bbox 1404 3095 1551 3147; x_wconf 80' lang='lat' dir='ltr'><strong>Ideni</strong></span> <span class='ocrx_word' id='word_1_425' title='bbox 1585 3096 1767 3163; x_wconf 77' lang='lat' dir='ltr'><strong>satum,</strong></span> <span class='ocrx_word' id='word_1_426' title='bbox 1801 3104 1894 3149; x_wconf 82' lang='lat' dir='ltr'><strong>snt</strong></span> <span class='ocrx_word' id='word_1_427' title='bbox 1931 3099 1980 3149; x_wconf 91' lang='lat' dir='ltr'><strong>ei</strong></span> <span class='ocrx_word' id='word_1_428' title='bbox 2015 3099 2305 3164; x_wconf 83' lang='lat' dir='ltr'><strong>proximum</strong></span> <span class='ocrx_word' id='word_1_429' title='bbox 2341 3110 2465 3146; x_wconf 85' lang='lat' dir='ltr'><strong>casa</strong></span> 
     </span>
     <span class='ocr_line' id='line_1_76' title="bbox 1404 3171 2463 3241; baseline 0.001 -19"><span class='ocrx_word' id='word_1_430' title='bbox 1404 3171 1607 3224; x_wconf 82' lang='lat' dir='ltr'><strong>Romuli</strong></span> <span class='ocrx_word' id='word_1_431' title='bbox 1632 3175 1886 3227; x_wconf 88' lang='lat' dir='ltr'><strong>contineri</strong></span> <span class='ocrx_word' id='word_1_432' title='bbox 1911 3175 2186 3240; x_wconf 70' lang='lat' dir='ltr'><strong>potabant,</strong></span> <span class='ocrx_word' id='word_1_433' title='bbox 2209 3189 2361 3241; x_wconf 83' lang='lat' dir='ltr'><strong>quam</strong></span> <span class='ocrx_word' id='word_1_434' title='bbox 2385 3172 2463 3239; x_wconf 85' lang='lat' dir='ltr'><strong>di·</strong></span> 
     </span>
     <span class='ocr_line' id='line_1_77' title="bbox 1405 3248 2463 3313; baseline 0.002 -16"><span class='ocrx_word' id='word_1_435' title='bbox 1405 3248 1743 3313; x_wconf 79' lang='lat' dir='ltr'><strong>ligentissima</strong></span> <span class='ocrx_word' id='word_1_436' title='bbox 1795 3252 2171 3310; x_wconf 78' lang='lat' dir='ltr'><strong>observatione,</strong></span> <span class='ocrx_word' id='word_1_437' title='bbox 2214 3259 2268 3303; x_wconf 88' lang='lat' dir='ltr'><strong>et</strong></span> <span class='ocrx_word' id='word_1_438' title='bbox 2308 3251 2463 3302; x_wconf 80' lang='lat' dir='ltr'><strong>anxia</strong></span> 
     </span>
     <span class='ocr_line' id='line_1_78' title="bbox 1404 3327 2463 3394; baseline 0.004 -20"><span class='ocrx_word' id='word_1_439' title='bbox 1404 3328 1779 3391; x_wconf 84' lang='lat' dir='ltr'><strong>superstitione</strong></span> <span class='ocrx_word' id='word_1_440' title='bbox 1799 3327 2124 3392; x_wconf 81' lang='lat' dir='ltr'><strong>reficiebant,</strong></span> <span class='ocrx_word' id='word_1_441' title='bbox 2141 3343 2303 3394; x_wconf 81' lang='lat' dir='ltr'><strong>neque</strong></span> <span class='ocrx_word' id='word_1_442' title='bbox 2328 3328 2463 3378; x_wconf 86' lang='lat' dir='ltr'><strong>sine·</strong></span> 
     </span>
     <span class='ocr_line' id='line_1_79' title="bbox 1402 3401 2462 3467; baseline -0.001 -15"><span class='ocrx_word' id='word_1_443' title='bbox 1402 3401 1530 3452; x_wconf 79' lang='lat' dir='ltr'><strong>bant</strong></span> <span class='ocrx_word' id='word_1_444' title='bbox 1556 3414 1817 3456; x_wconf 76' lang='lat' dir='ltr'><strong>vetustate</strong></span> <span class='ocrx_word' id='word_1_445' title='bbox 1853 3404 2061 3455; x_wconf 85' lang='lat' dir='ltr'><strong>collabi.</strong></span> <span class='ocrx_word' id='word_1_446' title='bbox 2117 3404 2280 3467; x_wconf 84' lang='lat' dir='ltr'><strong>Cujus</strong></span> <span class='ocrx_word' id='word_1_447' title='bbox 2306 3405 2462 3454; x_wconf 81' lang='lat' dir='ltr'><strong>etiam</strong></span> 
     </span>
     <span class='ocr_line' id='line_1_80' title="bbox 1401 3479 2463 3546; baseline -0.002 -17"><span class='ocrx_word' id='word_1_448' title='bbox 1401 3479 1568 3531; x_wconf 86' lang='lat' dir='ltr'><strong>simile</strong></span> <span class='ocrx_word' id='word_1_449' title='bbox 1603 3491 1861 3546; x_wconf 77' lang='lat' dir='ltr'><strong>nugantur</strong></span> <span class='ocrx_word' id='word_1_450' title='bbox 1885 3482 2060 3532; x_wconf 67' lang='lat' dir='ltr'><strong>Greci</strong></span> <span class='ocrx_word' id='word_1_451' title='bbox 2084 3480 2148 3529; x_wconf 88' lang='lat' dir='ltr'><strong>de</strong></span> <span class='ocrx_word' id='word_1_452' title='bbox 2180 3495 2312 3530; x_wconf 80' lang='lat' dir='ltr'><strong>nave</strong></span> <span class='ocrx_word' id='word_1_453' title='bbox 2332 3481 2463 3529; x_wconf 76' lang='lat' dir='ltr'><strong>&#39;rhe-</strong></span> 
     </span>
     <span class='ocr_line' id='line_1_81' title="bbox 1402 3557 1791 3608; baseline 0.008 -3"><span class='ocrx_word' id='word_1_454' title='bbox 1402 3558 1498 3605; x_wconf 83' lang='lat' dir='ltr'><strong>sei.</strong></span> <span class='ocrx_word' id='word_1_455' title='bbox 1530 3558 1637 3607; x_wconf 85' lang='lat' dir='ltr'><strong>Jos.</strong></span> <span class='ocrx_word' id='word_1_456' title='bbox 1663 3557 1791 3608; x_wconf 62' lang='grc' dir='ltr'><strong><em>θεοὶ.</em></strong></span> 
     </span>
    </p>

    <p class='ocr_par' dir='ltr' id='par_1_7' title="bbox 1402 3631 2466 4244">
     <span class='ocr_line' id='line_1_82' title="bbox 1467 3631 2463 3700; baseline -0.004 -14"><span class='ocrx_word' id='word_1_457' title='bbox 1467 3642 1494 3678; x_wconf 70' lang='grc' dir='ltr'>Ι</span> <span class='ocrx_word' id='word_1_458' title='bbox 1529 3635 1674 3685; x_wconf 82' lang='lat' dir='ltr'><strong>Ficus</strong></span> <span class='ocrx_word' id='word_1_459' title='bbox 1685 3650 1859 3700; x_wconf 72' lang='lat' dir='ltr'><strong>quoqne</strong></span> <span class='ocrx_word' id='word_1_460' title='bbox 1874 3634 1926 3685; x_wconf 81' lang='grc' dir='ltr'><strong>ιἰι</strong></span> <span class='ocrx_word' id='word_1_461' title='bbox 1941 3631 2152 3695; x_wconf 81' lang='lat' dir='ltr'><strong>comitio]</strong></span> <span class='ocrx_word' id='word_1_462' title='bbox 2185 3632 2339 3681; x_wconf 82' lang='lat' dir='ltr'><strong>Tanti</strong></span> <span class='ocrx_word' id='word_1_463' title='bbox 2358 3646 2463 3682; x_wconf 87' lang='lat' dir='ltr'><strong>mo·</strong></span> 
     </span>
     <span class='ocr_line' id='line_1_83' title="bbox 1405 3714 2464 3774; baseline 0 -10"><span class='ocrx_word' id='word_1_464' title='bbox 1405 3714 1566 3764; x_wconf 87' lang='lat' dir='ltr'><strong>menti</strong></span> <span class='ocrx_word' id='word_1_465' title='bbox 1609 3714 1692 3765; x_wconf 76' lang='lat' dir='ltr'><strong>hic</strong></span> <span class='ocrx_word' id='word_1_466' title='bbox 1746 3715 1889 3763; x_wconf 89' lang='lat' dir='ltr'><strong>locus</strong></span> <span class='ocrx_word' id='word_1_467' title='bbox 1939 3721 2042 3774; x_wconf 85' lang='lat' dir='ltr'><strong>est,</strong></span> <span class='ocrx_word' id='word_1_468' title='bbox 2074 3715 2154 3762; x_wconf 83' lang='lat' dir='ltr'><strong>&amp;c</strong></span> <span class='ocrx_word' id='word_1_469' title='bbox 2157 3745 2352 3762; x_wconf 89' lang='grc'><strong>......</strong></span> <span class='ocrx_word' id='word_1_470' title='bbox 2376 3714 2464 3764; x_wconf 86' lang='lat' dir='ltr'><strong>Ita</strong></span> 
     </span>
     <span class='ocr_line' id='line_1_84' title="bbox 1402 3788 2462 3856; baseline -0.002 -14"><span class='ocrx_word' id='word_1_471' title='bbox 1402 3792 1667 3856; x_wconf 79' lang='lat' dir='ltr'><strong>Scaliger:</strong></span> <span class='ocrx_word' id='word_1_472' title='bbox 1705 3790 1796 3841; x_wconf 84' lang='lat' dir='ltr'><strong>sed</strong></span> <span class='ocrx_word' id='word_1_473' title='bbox 1841 3791 1973 3839; x_wconf 84' lang='lat' dir='ltr'><strong>male</strong></span> <span class='ocrx_word' id='word_1_474' title='bbox 2016 3788 2168 3839; x_wconf 84' lang='lat' dir='ltr'><strong>ficum</strong></span> <span class='ocrx_word' id='word_1_475' title='bbox 2220 3790 2462 3855; x_wconf 81' lang='lat' dir='ltr'><strong>Naviam‚</strong></span> 
     </span>
     <span class='ocr_line' id='line_1_85' title="bbox 1405 3865 2462 3933; baseline 0.002 -16"><span class='ocrx_word' id='word_1_476' title='bbox 1405 3882 1518 3933; x_wconf 79' lang='lat' dir='ltr'><strong>quae</strong></span> <span class='ocrx_word' id='word_1_477' title='bbox 1545 3869 1595 3916; x_wconf 94' lang='lat' dir='ltr'><strong>in</strong></span> <span class='ocrx_word' id='word_1_478' title='bbox 1630 3866 1840 3917; x_wconf 85' lang='lat' dir='ltr'><strong>comitio</strong></span> <span class='ocrx_word' id='word_1_479' title='bbox 1874 3881 1974 3914; x_wconf 90' lang='lat' dir='ltr'><strong>non</strong></span> <span class='ocrx_word' id='word_1_480' title='bbox 2009 3865 2287 3930; x_wconf 75' lang='lat' dir='ltr'><strong>distinguit</strong></span> <span class='ocrx_word' id='word_1_481' title='bbox 2310 3882 2341 3917; x_wconf 93' lang='lat' dir='ltr'><strong>a</strong></span> <span class='ocrx_word' id='word_1_482' title='bbox 2360 3867 2462 3920; x_wconf 87' lang='lat' dir='ltr'><strong>ficu</strong></span> 
     </span>
     <span class='ocr_line' id='line_1_86' title="bbox 1406 3940 2465 4012; baseline 0.004 -18"><span class='ocrx_word' id='word_1_483' title='bbox 1406 3943 1688 4009; x_wconf 81' lang='lat' dir='ltr'><strong>Ruminali,</strong></span> <span class='ocrx_word' id='word_1_484' title='bbox 1726 3944 1820 3993; x_wconf 87' lang='lat' dir='ltr'><strong>sub</strong></span> <span class='ocrx_word' id='word_1_485' title='bbox 1866 3958 1968 4010; x_wconf 84' lang='lat' dir='ltr'><strong>qua</strong></span> <span class='ocrx_word' id='word_1_486' title='bbox 2011 3940 2295 3995; x_wconf 81' lang='lat' dir='ltr'><strong>infantibus</strong></span> <span class='ocrx_word' id='word_1_487' title='bbox 2340 3946 2465 4012; x_wconf 84' lang='lat' dir='ltr'><strong>lupa</strong></span> 
     </span>
     <span class='ocr_line' id='line_1_87' title="bbox 1407 4021 2463 4087; baseline 0.004 -15"><span class='ocrx_word' id='word_1_488' title='bbox 1407 4022 1634 4087; x_wconf 78' lang='lat' dir='ltr'><strong>praebnit</strong></span> <span class='ocrx_word' id='word_1_489' title='bbox 1659 4021 1899 4073; x_wconf 84' lang='lat' dir='ltr'><strong>Rumam.</strong></span> <span class='ocrx_word' id='word_1_490' title='bbox 1964 4022 2178 4073; x_wconf 82' lang='lat' dir='ltr'><strong>Certum</strong></span> <span class='ocrx_word' id='word_1_491' title='bbox 2214 4033 2293 4074; x_wconf 84' lang='lat' dir='ltr'><strong>est</strong></span> <span class='ocrx_word' id='word_1_492' title='bbox 2326 4025 2463 4077; x_wconf 88' lang='lat' dir='ltr'><strong>enim</strong></span> 
     </span>
     <span class='ocr_line' id='line_1_88' title="bbox 1405 4099 2466 4165; baseline 0 -14"><span class='ocrx_word' id='word_1_493' title='bbox 1405 4100 1558 4151; x_wconf 85' lang='lat' dir='ltr'><strong>ficum</strong></span> <span class='ocrx_word' id='word_1_494' title='bbox 1597 4099 1814 4150; x_wconf 78' lang='lat' dir='ltr'><strong>Naviam</strong></span> <span class='ocrx_word' id='word_1_495' title='bbox 1839 4101 1892 4151; x_wconf 89' lang='lat' dir='ltr'><strong>in</strong></span> <span class='ocrx_word' id='word_1_496' title='bbox 1912 4099 2122 4151; x_wconf 83' lang='lat' dir='ltr'><strong>comitio</strong></span> <span class='ocrx_word' id='word_1_497' title='bbox 2156 4114 2254 4150; x_wconf 90' lang='lat' dir='ltr'><strong>non</strong></span> <span class='ocrx_word' id='word_1_498' title='bbox 2290 4100 2466 4165; x_wconf 78' lang='lat' dir='ltr'><strong>fuisse,</strong></span> 
     </span>
     <span class='ocr_line' id='line_1_89' title="bbox 1408 4175 2463 4244; baseline 0.002 -17"><span class='ocrx_word' id='word_1_499' title='bbox 1408 4186 1684 4244; x_wconf 85' lang='lat' dir='ltr'><strong>antequam</strong></span> <span class='ocrx_word' id='word_1_500' title='bbox 1729 4175 1877 4229; x_wconf 82' lang='lat' dir='ltr'><strong>Attio</strong></span> <span class='ocrx_word' id='word_1_501' title='bbox 1917 4177 2104 4236; x_wconf 83' lang='lat' dir='ltr'><strong>Navio,</strong></span> <span class='ocrx_word' id='word_1_502' title='bbox 2145 4193 2358 4244; x_wconf 74' lang='lat' dir='ltr'><strong>singure,</strong></span> <span class='ocrx_word' id='word_1_503' title='bbox 2394 4180 2463 4236; x_wconf 84' lang='lat' dir='ltr'><strong>ibi</strong></span> 
     </span>
    </p>
   </div>
  </div>
 </body>
</html>
