3020 4853
582 366 680 414 ΠΕ
726 367 1137 418 VERBORUM
1185 370 1804 423 slonwmATloNE
1855 374 1996 424 mn.
2045 376 2142 425 vt.

2312 359 2443 429 279

286 508 468 574 Frux
491 508 734 595 frugis*
778 514 1084 583 dixerunt
1112 519 1369 604 antiqui
1395 520 1678 586 fructam
1711 525 1778 586 et
1814 521 2149 588 fructum.⁷

285 614 587 680 Fumms
610 614 669 654 ⁸¹
710 618 920 701 salsa3
965 620 1148 687 dicta
1178 629 1404 688 autem
1432 624 1959 714 quasi-fucatas*
1991 628 1995 636 ’

1181 788 1329 809 00000

1331 789 1540 812 cocere&

338 882 369 927 7
401 878 538 930 vide
561 880 842 934 Notum—8
877 884 958 936 ΑΙ.
993 886 1287 939 futilia—9
1320 890 1540 942 Quidam
1560 890 1682 942 libb.
1703 891 1895 951 facilia.

1247 1072 1464 1125 NOTA-t

275 1189 331 1225 ra
352 1181 572 1226 erratum
598 1175 794 1229 librarii
826 1183 1119 1234 existimare
1143 1186 1195 1235 in
1219 1187 1316 1238 hoc

272 1251 489 1314 nomine,
516 1260 573 1302 ut
610 1254 660 1303 in
701 1256 815 1306 aliis
845 1259 1166 1326 quibusdam,
1193 1264 1314 1313 Eru-

270 1326 390 1377 cinae
413 1329 584 1393 potius
618 1330 917 1397 scriberem,
944 1338 1189 1401 templum
1213 1340 1316 1390 Ve-

267 1405 401 1455 neris
426 1406 700 1457 Erucium:
737 1408 788 1459 id
815 1409 1190 1479 fuissedupiex
1216 1418 1315 1467 Ro·

267 1494 362 1544 mae
386 1480 432 1531 iu
456 1483 734 1550 Capitolio,
758 1494 814 1537 et
835 1488 899 1538 ad
935 1499 1136 1554 portam
1160 1493 1313 1543 Colli·

267 1571 396 1615 nam,
421 1567 645 1610 testatur
668 1561 840 1612 Livius
862 1564 952 1614 tib.
979 1580 1125 1617 xxu.
1144 1578 1308 1622 xxm.

267 1647 399 1686 xxx.
432 1650 526 1688 ιι.
595 1639 758 1691 Extat
790 1642 945 1693 etiam
978 1644 1217 1697 denarius
1250 1649 1312 1700 c.

265 1711 489 1764 Considii
513 1714 744 1778 Noniani
765 1732 880 1768 cum
905 1722 1117 1785 templo,
1141 1723 1191 1772 in
1210 1738 1311 1789 quo

264 1802 398 1841 nnuc
418 1790 674 1856 scriptum
697 1799 796 1845 est.
852 1795 987 1846 lund
1010 1813 1154 1863 vero,
1172 1801 1307 1865 quod

262 1865 312 1916 in
331 1866 504 1919 Sicilia
541 1870 776 1935 Erycina
798 1873 986 1923 Veneri
1018 1885 1131 1926 erat
1168 1876 1308 1928 dica-

261 1949 380 2003 tum,
405 1945 702 1999 laudatores
738 1963 835 1999 non
859 1948 1140 2023 desiderat,
1203 1955 1308 2006 Sed

259 2020 327 2070 nil
374 2029 574 2074 temere
613 2022 965 2077 affirmandum
1012 2043 1125 2079 esse
1172 2044 1306 2083 reor.

257 2093 369 2148 Ant.
388 2098 525 2162 Aug.

319 2175 566 2242 Farina]
622 2177 842 2230 Veneris
883 2182 1031 2233 Fruti
1067 2187 1306 2237 memine-

260 2258 374 2301 runt
396 2254 603 2305 Solinus
624 2273 637 2303 ε
671 2258 688 2284 ⁸
707 2257 884 2318 Dum,'
907 2260 1092 2325 inquit,
1115 2264 1132 2290 ⁸
1152 2264 1302 2313 simu-

255 2328 439 2380 lacrum
479 2331 696 2384 dedicat
740 2336 925 2386 Veneri
969 2340 1142 2402 matri,
1187 2356 1302 2405 quas

256 2404 395 2458 Fruti
424 2408 656 2461 dicitur!
719 2411 854 2463 Item
879 2414 1191 2479 Augustinus
1214 2419 1305 2469 lib.

256 2496 333 2535 lv.
356 2502 468 2552 cap.
492 2492 577 2538 21.
603 2487 669 2538 de
699 2490 854 2542 civit.
895 2507 1045 2557 quam
1079 2496 1095 2522 ⁶
1117 2495 1302 2546 Divam

257 2559 401 2614 Pruti
434 2565 610 2616 Seiam
631 2565 646 2589 '
681 2576 848 2619 vocat.
911 2571 1087 2621 Trium
1124 2572 1300 2624 horum

254 2639 575 2705 testimoniis,
605 2644 783 2709 Solini,
822 2647 986 2709 Festi,
1024 2649 1302 2714 Augustini

254 2727 341 2765 cur
360 2715 513 2768 fidem
537 2720 823 2786 elevemus,
847 2726 1110 2788 quominus
1135 2729 1301 2779 Fruti-

251 2794 330 2842 καὶ
344 2794 591 2860 legamus,
615 2812 786 2849 causoe
810 2814 911 2850 non
928 2812 1022 2854 est.
1078 2804 1152 2854 At
1173 2805 1301 2855 Eru-

251 2868 374 2923 cinae
409 2874 632 2925 Veneris
675 2878 921 2940 templum
960 2877 1064 2930 fuit
1109 2882 1302 2932 Romae.

252 2946 412 3018 Quid?
446 2963 729 3020 propterea
750 2969 853 3005 non
882 2957 981 3007 erit
1002 2966 1058 3009 et
1080 2958 1299 3009 Veneris

252 3023 405 3091 Bruti,
427 3032 722 3093 praesertim
754 3047 872 3082 cum
905 3042 1110 3086 constet
1139 3034 1298 3087 fuisse

250 3100 500 3156 Venerem
528 3111 836 3172 cognomine
872 3112 1051 3163 Fruti?
1108 3114 1296 3179 Neque

249 3192 336 3231 nos
372 3198 473 3235 non
512 3184 735 3238 vidimus
768 3203 1030 3240 nummum
1061 3192 1295 3241 Considii

249 3256 464 3312 Noniani
484 3280 499 3315 z
551 3263 664 3327 ejus
693 3267 828 3315 enlm
852 3267 1072 3333 copiam,
1095 3276 1151 3319 et
1174 3270 1297 3319 alio·

248 3348 353 3386 rum
371 3341 651 3391 vetustatis
675 3353 1134 3410 monumentorum,
1151 3347 1296 3397 nobis

245 3409 365 3465 fecit
396 3416 798 3483 christophorus
839 3422 1066 3486 Neytter
1096 3422 1295 3489 Angus-

246 3493 408 3543 tanus.
457 3492 534 3543 At
552 3494 873 3547 Glossarium
898 3500 1174 3551 Erucinam
1194 3516 1296 3553 non

244 3564 516 3635 Venerem,
534 3571 627 3622 sed
644 3573 767 3623 Isim
790 3583 974 3639 putst3
997 3578 1014 3607 ⁴
1038 3578 1296 3643 Erucium,

237 3639 436 3697 uenus?
482 3647 627 3697 Male
649 3648 801 3701 hodie
828 3651 1085 3704 Erudnae:
1122 3654 1172 3705 A
1195 3655 1297 3706 Ve-

244 3733 363 3771 nere
398 3724 550 3776 Fruti
592 3726 735 3778 dieta
774 3737 860 3781 est
896 3732 1127 3795 Frusino,
1165 3733 1290 3798 ἴυγξ,

242 3799 359 3864 quia
372 3802 569 3853 Veneri
591 3803 761 3857 dicata
783 3815 882 3857 est.
912 3809 1116 3862 Glossm
1138 3828 1151 3859 ι
1183 3814 1201 3840 ⁸
1217 3813 1299 3862 Si-

241 3890 306 3927 ne
326 3871 484 3930 dubio
497 3882 646 3931 Fruti
661 3881 1024 3937 detruncatum
1037 3901 1110 3938 ‘ex
1127 3888 1297 3954 Ἀφρο·

242 3952 376 4013 δίτη.’
447 3957 606 4019 Nam,
638 3973 754 4009 cum
777 3968 1156 4028 post-tempora·
1184 3967 1295 4017 Nu·

241 4045 337 4082 moe
373 4034 427 4083 in
449 4034 632 4085 urbem
647 4036 823 4087 Venus
845 4051 1058 4106 recepta
1081 4043 1169 4107 sit,
1193 4059 1292 4096 non

241 4110 410 4171 potuit
450 4111 645 4163 babere
677 4119 861 4166 nomen
895 4118 1157 4186 Latinum,
1196 4123 1288 4173 sed

241 4183 483 4238 Graecum
508 4186 768 4253 Afrodite,
790 4194 924 4257 quod
946 4194 1217 4249 distortum
1237 4199 1289 4249 in

240 4258 417 4330 Prota,
445 4278 539 4316 seu
565 4265 743 4320 Fruti:
795 4270 871 4322 sic
893 4272 1051 4326 etiam
1080 4274 1288 4326 diceba·

1395 1196 1481 1239 tur
1520 1191 1695 1241 Venus
1739 1192 1921 1249 Morti,
1966 1200 2023 1243 ut
2061 1192 2234 1245 Venus
2275 1196 2444 1247 Fruti.

1394 1267 1592 1317 Varro:
1648 1272 1664 1297 ‘
1691 1268 1906 1319 Intimus
1950 1270 2116 1320 circus
2161 1270 2328 1322 dictus
2375 1272 2443 1323 ad

1392 1345 1646 1396 Murtim.’
1712 1347 2000 1413 Utrumque
2044 1355 2216 1399 autem
2263 1357 2444 1414 potest

1393 1418 1494 1471 dici
1530 1430 1586 1471 et
1608 1422 1753 1473 Fruti
1776 1432 1830 1474 et
1862 1424 2069 1488 Frutis3
2118 1427 2242 1475 item
2279 1426 2441 1477 Murti

1391 1507 1447 1549 et
1468 1499 1673 1551 Murtis.
1705 1501 1811 1551 Jos.
1835 1500 1963 1552 Seal.

1460 1576 1706 1641 Frutinat]
1760 1577 1941 1643 Atqui,
1974 1579 2016 1628 si
2051 1579 2125 1628 ita
2152 1580 2239 1641 sit,
2262 1580 2439 1631 Venus

1392 1657 1447 1702 et
1472 1652 1646 1704 Frutis
1677 1652 1814 1703 idem
1849 1661 1942 1704 est.
2009 1654 2127 1705 Non
2150 1662 2323 1721 potest
2345 1656 2438 1720 igi·

1394 1736 1479 1778 tur
1519 1730 1691 1780 Frutis
1732 1745 1843 1782 esse
1882 1732 2096 1782 Veneris
2134 1747 2439 1798 cognomen-

1392 1813 1520 1856 tum.
1587 1808 1762 1859 Quare
1797 1809 1968 1873 potius
2005 1810 2275 1873 legendum
2313 1811 2439 1861 Fru-

1390 1882 1531 1940 cz‘nal,
1550 1885 1772 1948 tenplum
1799 1886 2157 1949 rescissa-agi.
2213 1887 2443 1937 Frucinal

1391 1973 1485 2021 pro
1510 1960 1759 2022 aninal.
1826 1962 1896 2012 Et
1930 1961 2007 2012 ita
2039 1966 2055 1992 ‘
2073 1964 2251 2014 Venus
2275 1962 2407 2029 frugi
2424 1963 2438 1985 '

1388 2035 1613 2086 coeiestis
1659 2038 1747 2087 illa
1785 2039 1963 2088 Venus
2007 2040 2091 2090 sit.
2166 2038 2269 2090 Sed
2315 2040 2438 2090 mihi

1386 2112 1606 2162 maxime
1641 2114 1834 2177 piacet,
1869 2121 1928 2164 ut
1958 2113 2127 2164 Fratis
2161 2114 2367 2166 dicatur
2406 2130 2438 2164 a

1370 2190 1535 2251 fruor,
1579 2204 1763 2255 nempe
1793 2191 2007 2254 fructus,
2034 2190 2219 2254 frutus,
2261 2192 2435 2253 frutis.

1384 2265 1519 2315 Vide
1541 2268 1756 2317 Salmas.
1779 2269 1831 2317 iu
1856 2268 2015 2317 Solin.
2036 2282 2154 2332 cap.
2171 2271 2219 2318 Β.
2251 2268 2373 2317 Duc.

1445 2341 1470 2376 ¹¹
1506 2343 1837 2407 Fruxsrugis]
1875 2345 2011 2395 Puto
2027 2344 2099 2393 ita
2118 2344 2437 2409 distinguen·
2470 2392 2483 2399 ,

1384 2419 1525 2479 dum,
1561 2429 1614 2472 et
1654 2421 1992 2487 supplendum
2013 2438 2051 2472 ε,
2084 2421 2242 2484 Frux,
2264 2420 2435 2484 frugis

1382 2498 1608 2548 dixerunt
1626 2499 1828 2564 antiqui.
1873 2499 2002 2549 Mox
2017 2514 2047 2548 a
2065 2499 2258 2563 capite,
2283 2500 2434 2549 Fruc-

1382 2579 1481 2623 tum
1503 2575 1773 2635 etsi-actum
1794 2592 1824 2625 α
1839 2575 1999 2635 ,fn-or.
2067 2575 2206 2624 me
2229 2575 2433 2640 quidem

1384 2650 1517 2702 dixit
1550 2651 1806 2703 Ausonius
1842 2652 2125 2702 imitatione
2147 2653 2431 2702 Veterum:

1383 2729 1400 2758 ⁴
1419 2727 1562 2779 Ante
1586 2730 1842 2795 equidem,
1863 2729 2057 2793 campis
2087 2743 2237 2793 quam
2259 2731 2436 2795 spicea

1383 2813 1690 2869 suppeteret
1732 2804 1883 2856 frux.'
1968 2808 2174 2857 Fructus
2215 2822 2333 2864 omn,
2378 2816 2435 2858 et

1376 2882 1647 2946 perfructus
1672 2884 1890 2949 aliquam
1922 2897 2049 2946 rem,
2068 2883 2307 2933 dixerunt
2331 2884 2434 2932 Ve-

1382 2968 1541 3024 teres,
1559 2963 1695 3012 inter
1715 2977 1841 3027 quos
1865 2963 2152 3013 Lucretius.
2184 2964 2289 3011 Jos.
2310 2960 2433 3014 Scal.

1444 3038 1787 3102 Fruxfrugis]
1835 3038 2065 3102 Scaiiger
2097 3039 2211 3088 haec
2234 3038 2308 3089 ita
2332 3039 2434 3090 dis·

1376 3114 1566 3179 tinguit
1600 3124 1654 3165 et
1689 3117 1928 3181 supplet:
1958 3117 2293 3181 Fra-,frugis
2322 3119 2432 3167 dix·

1375 3198 1516 3242 erunt
1531 3194 1733 3256 antiqui.
1819 3194 1886 3244 Et
1909 3210 1939 3244 a
1961 3195 2166 3258 capite:
2204 3194 2434 3244 Fructum

1374 3271 1651 3331 dsuetum
1672 3269 1876 3331 osmer.
1928 3272 2069 3322 Nihil
2090 3279 2252 3322 muto.
2292 3273 2429 3322 Nam

1376 3348 1451 3398 sic
1474 3362 1618 3414 saepe
1643 3348 1847 3398 Festus.
1912 3348 2196 3398 Distinctio
2226 3353 2427 3398 tautum

1377 3432 1498 3490 post
1534 3424 1720 3488 antiqui
1752 3424 1991 3488 ponenda
2013 3432 2110 3476 est.
2176 3427 2260 3476 De
2283 3434 2430 3477 recto

1365 3501 1491 3563 frux
1513 3501 1631 3551 vide
1652 3502 1938 3552 Varronem
1963 3500 2054 3551 lib.
2079 3515 2202 3553 viu.
2267 3501 2429 3553 Auso·

1376 3579 1492 3629 nius
1505 3579 1727 3629 Veteres
1736 3585 1943 3629 secutus
1958 3594 1972 3628 =
1990 3580 2007 3608 ‘
2019 3578 2160 3629 Ante
2172 3580 2433 3646 equidem,

1376 3656 1571 3720 campis
1595 3670 1743 3722 quam
1768 3655 1942 3720 spicea
1955 3662 2258 3721 suppeteret
2275 3656 2431 3708 frux!

1377 3733 1586 3783 Fructus
1619 3740 1792 3783 autem
1831 3740 1886 3782 et
1909 3730 2077 3793 fimeta
2110 3748 2204 3798 pro
2223 3734 2428 3794 fruitus.

1375 3810 1588 3861 Lucret.
1609 3810 1699 3861 lib.
1721 3821 1805 3858 ιιι.
1839 3811 1854 3838 ⁸
1871 3809 1962 3858 Sin
1986 3824 2070 3871 ea,
2092 3824 2207 3875 quas
2228 3810 2428 3861 fructus

1373 3902 1593 3954 cumque
1627 3902 1703 3948 es,
1738 3887 1910 3952 perire
1948 3886 2190 3951 profusa?
2257 3889 2426 3940 Item:

1372 3970 1388 3996 ‘
1416 3966 1607 4016 Omnia
1660 3965 1958 4030 perfructus
2014 3967 2138 4016 vitai
2193 3969 2426 4033 praemia,

1371 4042 1611 4093 marces.'
1645 4043 1768 4092 Dae.

1434 4119 1449 4153 ¹
1481 4120 1688 4184 Facilis]
1726 4119 1771 4168 A
1795 4117 1930 4177 suco,
1951 4125 2009 4170 ut
2025 4120 2092 4171 ab
2113 4122 2292 4185 herba,
2309 4123 2425 4174 her·

1367 4197 1499 4250 bilis.
1566 4197 1708 4248 Nihii
1732 4197 2050 4249 mutandum.
2083 4200 2188 4251 Jos.
2215 4200 2342 4251 θεαὶ.
2400 4223 2405 4232 ·
