3020 4853
552 437 650 485 ΒΕ
698 434 1115 485 vssRBoRust
1164 431 1796 485 slcmmcs'rloun
1845 434 1993 483 mn.
2042 433 2225 488 x111.
2357 422 2487 490 547

372 585 583 653 etiam
614 583 1126 671 participialiter
1239 629 1257 647 .
1390 628 1407 644 .
1510 581 1897 648 testimonio
1926 589 2029 648 est
2055 582 2396 651 Pacuvius
2422 586 2489 651 in

375 688 585 754 Medo
761 734 778 752 .
954 733 971 750 .
1144 690 1345 771 atque
1377 706 1610 752 eccum
1641 688 1710 751 in
1740 688 1894 772 ipso
1924 695 2229 773 tempore
2262 697 2490 755 osten-

373 798 516 858 tum
573 810 845 857 senem:
919 796 991 856 et
1036 787 1263 857 Attius
1316 790 1387 856 in
1431 791 1728 858 Bacchis
1755 809 1776 853 z
1801 798 1843 827 ¹¹¹
1885 811 2187 877 praesens
2234 799 2490 877 praesto

374 894 662 960 irridetis
691 903 742 944 ¹⁷
791 894 1008 959 nobis.
1190 937 1209 954 .
1386 940 1402 955 .
1579 895 1757 979 stipe
1797 894 1971 961 ultro
2000 902 2331 962 ostentum
2371 897 2492 962 ob-

393 998 568 1064 tulit.

304 1100 694 1180 Ostentum,
723 1121 861 1185 quo
912 1121 1092 1167 nunc
1141 1103 1384 1168 utimur
1419 1103 1747 1170 interdum
1788 1103 2079 1188 prodigii
2110 1104 2281 1182 vice,
2328 1102 2492 1187 quin

378 1204 897 1289 participialiter
924 1225 1193 1290 quoque
1233 1207 1370 1274 dici
1407 1207 1684 1274 solitum
1707 1209 1820 1290 sit,
1853 1227 1985 1273 uon
2013 1207 2291 1273 dubium
2316 1204 2492 1269 ‘facit

379 1308 584 1374 etiam
637 1306 716 1373 C.
763 1308 1115 1376 Gracchus
1167 1310 1253 1376 de
1301 1312 1560 1396 legibus
1613 1308 1657 1377 a'
1700 1333 1774 1377 se
1813 1310 2277 1396 promulgatis,
2337 1326 2491 1374 cum

379 1412 497 1492 ait,
541 1412 718 1497 quod
751 1433 951 1479 unum
983 1414 1176 1480 nobis
1205 1414 1272 1479 in
1301 1422 1663 1494 ostentum,
1698 1415 1872 1501 ipsis
1920 1416 1986 1480 in
2034 1433 2229 1479 usum
2248 1430 2496 1495 *aspor-

384 1514 633 1581 tatur.¹⁸
923 1522 928 1527 ’
997 1538 1000 1543 ·
1243 1542 1250 1549 ’

288 1619 613 1685 Ostiam*
652 1620 879 1685 urbem
911 1620 1000 1686 ad
1026 1621 1282 1687 exitum
1308 1620 1580 1687 Tiberis
1628 1621 1698 1684 in
1748 1640 1930 1687 mare
1957 1620 2218 1686 fluentis
2256 1617 2497 1711 Ancus

387 1721 677 1788 Martius
715 1743 842 1788 rex
889 1723 1297 1803 condidisse,
1341 1731 1412 1788 et
1451 1724 1800 1789 foeminino
1850 1723 2235 1808 appellasse
2292 1738 2500 1785 voca-

386 1825 547 1889 bulo
577 1822 808 1904 fertur,
839 1825 1021 1911 quod
1052 1827 1198 1892 sive
1227 1825 1314 1891 ad
1357 1827 1612 1906 urbem,
1657 1827 1801 1893 sive
1832 1827 1920 1894 ad
1961 1825 2314 1904 coloniam,
2343 1843 2499 1908 quae

388 1933 629 2010 postea
654 1928 928 1994 condita
953 1937 1082 2007 est,
1114 1931 1414 1997 refertur.

292 2029 505 2095 Ostia
533 2032 694 2096 urbs
725 2031 810 2096 ad
841 2034 1098 2098 exitum
1122 2042 1176 2085 ¹⁹
1220 2033 1491 2100 Tiberis
1523 2034 1895 2119 appellata.
2225 2032 2502 2118 [PAUL-

286 2132 580 2200 Ovalis⁰
632 2153 888 2201 corona
937 2142 1043 2201 est
1092 2143 1370 2222 myrtea,
1415 2157 1626 2222 quam
1670 2137 2028 2217 habebant,
2062 2134 2180 2222 qui
2228 2141 2502 2201 ovantes

1553 2356 1584 2375 0

367 2509 429 2554 17
465 2505 560 2554 Vir
583 2504 725 2556 doct.
748 2504 798 2555 in
820 2520 983 2566 marg.
1019 2503 1258 2570 eiusdem
1302 2504 1385 2555 ed.
1422 2503 1637 2570 conjicit
1668 2504 1998 2556 ividem—18
2030 2504 2157 2554 Vet.
2179 2502 2272 2553 lib.
2304 2506 2501 2567 adopta-

295 2575 536 2687 ιῦπ-ῥιθ
568 2572 585 2599 ‘
613 2571 794 2623 Scribe
831 2587 898 2623 ex
933 2573 1114 2636 Festo,
1149 2570 1216 2621 ad
1251 2571 1450 2621 exitum
1472 2570 1694 2636 Tiberis,
1718 2585 1830 2637 pro,
1858 2569 1918 2619 ab
1936 2571 2073 2621 exitu
2098 2567 2321 2620 Tiberin?
2355 2570 2502 2620 Fulv.

369 2651 490 2687 rsrn.

1296 2800 1523 2855 nom

294 2928 449 2997 pium
467 2936 698 2982 ostentus
722 2947 822 2983 non
840 2940 1075 2984 ostensus
1089 2932 1365 2985 dicebant:
1449 2937 1606 2987 maris
1631 2935 1954 3001 fluminisque
1992 2930 2217 2985 confinio
2253 2927 2509 2982 coloniam

296 3009 421 3072 ipse
444 3007 586 3072 alibi,
618 3009 986 3077 Praeteutaque
1020 3012 1264 3078 Syrtibus
1289 3028 1369 3064 ar·
1450 3013 1656 3080 posuit-³
1721 3013 1813 3063 Ait
1839 3014 2025 3063 Festus
2057 3009 2230 3061 ostiam
2250 3007 2511 3073 adjective

295 3099 373 3135 vn
394 3100 410 3136 ε
444 3085 656 3135 Terent.
675 3087 728 3136 in
748 3088 1031 3139 Eunucho:
1067 3088 1151 3138 An
1169 3103 1269 3154 ego
1284 3104 1370 3140 oc·
1452 3091 1576 3156 dici,
1608 3091 1976 3143 subintellecta
1996 3087 2129 3139 urbe
2150 3088 2260 3140 sive
2295 3083 2515 3136 colonia.

210 3190 216 3194 -
295 3160 566 3228 casionem
602 3163 724 3212 mihi
764 3170 1073 3215 ostentatam
1113 3174 1218 3216 tam
1258 3166 1374 3217 hre-
1453 3169 1604 3219 Idem·
1662 3169 1663 3174 ’

295 3240 449 3289 hem.
511 3239 762 3291 Similiter
780 3250 839 3292 et
870 3241 995 3291 illud
1032 3244 1083 3293 in
1107 3242 1372 3294 Phormio·
1518 3253 1542 3278 ⁰
1587 3245 1778 3310 omlis]
1824 3242 2051 3296 Vidend.
2093 3241 2235 3292 Ptin.
2271 3238 2364 3290 lib·
2412 3251 2512 3288 xv·

295 3330 409 3366 ne:
447 3315 633 3382 Neque
656 3333 739 3367 me
772 3331 908 3369 nunc
937 3319 1141 3369 domum
1174 3321 1369 3386 recipe·
1453 3337 1568 3388 cap.
1606 3326 1689 3385 29,-
1727 3319 1867 3373 Gen.
1902 3321 1992 3371 lib.
2026 3325 2087 3371 v.'
2113 3332 2234 3383 cap.
2272 3319 2322 3366 6.
2378 3312 2513 3364 Vide

297 3391 441 3456 remj
462 3391 515 3441 ni
538 3391 661 3441 mihi
685 3401 826 3443 esset
853 3409 972 3459 spes
994 3401 1260 3447 ostentata
1282 3397 1374 3446 hu·
1453 3400 1611 3450 etiam
1635 3399 1862 3464 Myrtea.
1897 3398 2018 3448 Ant.
2036 3396 2171 3457 Aug.

286 3467 454 3534 jusce
499 3468 787 3519 habendae!
851 3470 973 3521 Non
1028 3471 1242 3523 dubium
1292 3482 1375 3524 est
1522 3476 1693 3526 Ovalis
1724 3472 1917 3536 corona]
1963 3475 2042 3524 Ex
2085 3477 2253 3537 myrto
2295 3466 2514 3542 Veneris

299 3546 435 3612 quin
455 3544 665 3595 Servius
685 3546 737 3596 in
763 3552 985 3613 utroque
1021 3548 1137 3599 loco
1157 3549 1373 3600 Terent.
1453 3551 1660 3613 fronde,
1681 3552 1818 3617 quod
1855 3564 1955 3601 non
1989 3548 2234 3610 Martius,
2258 3545 2351 3595 sed
2373 3543 2515 3610 quasi

300 3621 505 3687 legerit
526 3629 776 3674 oetatem.
809 3624 943 3677 Dac.
1453 3630 1710 3680 Venerius
1755 3627 1962 3693 quidam
2003 3624 2320 3687 Triumphus
2376 3627 2517 3690 esset

375 3707 411 3733 ¹¹¹
443 3700 677 3750 Attin-sin
696 3701 923 3766 Bacchis]
959 3703 1086 3767 Ejus
1103 3718 1377 3771 propemo-
1455 3705 1649 3769 ovatio,
1686 3718 1801 3769 quoe
1838 3699 2234 3756 decernebatur,
2271 3712 2388 3747 cum
2426 3704 2518 3746 sut

301 3776 434 3826 dum
460 3776 730 3840 deplorata
751 3789 870 3828 sunt
895 3780 1067 3831 verba.
1135 3783 1295 3848 Lege,
1320 3788 1379 3834 ut
1456 3780 1597 3830 bena
1630 3794 1731 3829 non
1772 3786 1918 3829 recte
1944 3776 2159 3839 indicta,
2197 3788 2366 3839 neque
2397 3786 2517 3823 cum

299 3852 508 3917 'optime
531 3853 830 3918 Scaliger-iu
851 3857 1226 3922 conjectaneis,
1252 3859 1376 3909 Pen-
1447 3858 1598 3922 justo
1641 3854 1789 3905 hoste
1832 3861 1979 3918 gesta
2013 3851 2237 3915 fuerant,
2271 3857 2360 3900 aut
2400 3863 2516 3900 curn

303 3928 450 3978 theu
470 3928 665 3979 Praesto
702 3931 905 3982 cerr-itus
941 3933 1074 3983 nobis
1101 3950 1152 3985 se
1182 3940 1376 3999 stupens
1454 3933 1681 3983 hostiurn
1718 3945 1905 3982 nomen
1939 3929 2128 3980 humile
2167 3936 2259 3980 sut
2282 3942 2383 3978 non
2408 3926 2517 3977 ido·

301 4007 441 4055 altro
462 4011 697 4057 oslenttm
716 4007 904 4058 obtuli&
969 4011 1121 4063 Quod
1152 4026 1217 4062 ex
1241 4011 1375 4062 Bac·
1456 4023 1631 4071 neum,
1645 4014 1703 4058 nt
1721 4019 1982 4058 servorum
2003 4006 2410 4072 piratarumque,
2427 4010 2519 4054 aut

303 4081 423 4134 chis
448 4082 710 4147 Euripidis
749 4085 911 4135 vertit
935 4084 1142 4137 Attius:
1179 4087 1379 4138 Πενθεὺς
1456 4086 1726 4137 deditione
1751 4091 1965 4150 repente
1993 4084 2135 4135 facta
2156 4085 2264 4134 sine
2284 4083 2517 4148 pulvere,

307 4158 428 4222 πρὸς
451 4158 606 4209 οἴκους
624 4159 702 4209 ὅδε
718 4161 795 4210 διὰ
814 4164 1020 4221 σπονδῆς
1039 4165 1174 4229 περᾷ.
1201 4164 1351 4216 Idem.
1461 4169 1519 4213 ut
1561 4161 1662 4212 dici
1697 4162 1846 4226 solet,
1884 4163 2259 4228 incruentaque
2302 4157 2520 4208 victoria

376 4243 404 4269 ¹¹
441 4235 655 4300 ostiam]
688 4237 828 4288 Flor.
867 4240 958 4289 lib.
989 4253 1028 4289 1.
1069 4254 1185 4306 cap.
1217 4245 1268 4292 4.
1307 4241 1374 4292 de
1461 4239 1692 4291 obvenit.
1727 4239 1853 4291 Dae.

311 4311 470 4368 Anco
515 4313 749 4369 Martio:
781 4314 1122 4382 ‘Ostiamque
1163 4317 1215 4367 in
1260 4317 1373 4382 ipso
