3020 4853
607 407 701 455 ns.
751 399 1163 454 vuasonum
1213 402 1827 454 sremrroarrons
1877 404 2024 453 ms.
2071 361 2181 454 xi.
2359 386 2493 457 379

391 555 542 617 toto
572 550 850 616 Samnio
882 552 1105 634 gravis
1133 550 1478 616 incidisset
1509 550 1912 635 pestilentia,
1945 549 2259 616 Sthenius
2310 548 2490 617 Met·

394 656 537 719 tius
569 655 716 740 ejus
746 655 962 738 gentis
988 655 1321 738 princepS,
1349 659 1717 718 convocata
1746 652 1993 718 civium
2028 670 2302 717 suorum
2333 672 2489 718 con-

390 759 610 837 cione,
641 758 961 841 exposuit
1002 777 1078 822 se
1110 756 1363 821 vidisse
1407 756 1472 820 in
1493 756 1716 839 quiete
1749 754 2243 840 praecipientem
2274 755 2491 840 Apol-

291 895 298 902 ·
388 860 618 936 linem,
663 864 737 924 ut
780 859 838 923 si
889 856 1125 924 vellent
1171 875 1253 922 eo
1299 857 1475 923 malo
1521 857 1814 935 liberari,
1846 877 1965 922 ver
1994 877 2257 922 sacrum
2288 876 2491 923 vove-

386 969 563 1039 rent,
595 960 664 1025 id
712 967 837 1040 est,
867 980 1306 1045 quaecumque
1335 980 1491 1026 vere
1538 962 1843 1047 proximo
1885 966 2039 1026 nata
2090 966 2336 1040 essent,
2366 961 2489 1025 im-

387 1064 762 1132 molaturos
813 1064 964 1129 sibi.
1054 1061 1214 1142 Quo
1265 1063 1445 1130 facto
1490 1063 1731 1129 levatis
1778 1069 1935 1149 post
1980 1083 2221 1128 annum
2250 1063 2491 1129 vicesi-

392 1188 601 1245 mum,
691 1167 928 1232 deinde
1002 1165 1300 1251 ejusdem
1373 1166 1636 1251 generis
1708 1167 1992 1232 incessit
2061 1166 2486 1251 pestilentia:

384 1288 647 1335 rursum
690 1269 912 1354 itaque
944 1269 1295 1334 consultus
1324 1268 1601 1354 Apollo,
1630 1269 1973 1355 respondit
1999 1288 2129 1334 non
2159 1288 2310 1334 esse
2338 1289 2488 1354 per-

389 1374 685 1440 solutum
745 1374 831 1438 ab
884 1373 972 1438 iis
1038 1381 1290 1451 votum,
1364 1372 1544 1459 quod
1613 1372 1919 1438 homines
1978 1371 2306 1446 immolati
2355 1391 2489 1438 non

387 1485 619 1543 essent
644 1500 661 1559 3
708 1497 881 1563 quos
926 1476 984 1541 si
1013 1476 1455 1562 expulissent,
1486 1482 1663 1543 certe
1691 1475 1858 1556 fore,
1881 1483 1957 1543 ut
1981 1495 2062 1541 ea
2094 1473 2290 1542 clade
2320 1475 2490 1540 libe·

383 1588 698 1646 rarentur.
789 1581 1026 1665 Itaque
1073 1582 1124 1646 ii
1161 1581 1338 1665 jussi
1384 1581 1602 1666 patria
1632 1579 1975 1658 decedere,
2010 1600 2161 1645 cum
2207 1580 2273 1644 in
2304 1585 2490 1664 parte

387 1706 475 1750 ea
541 1682 771 1749 Siciliae
818 1684 1310 1763 consedissent,
1363 1704 1519 1769 quae
1574 1705 1735 1747 nunc
1784 1682 2168 1749 Tauricana
2220 1681 2488 1760 dicitur,

382 1788 556 1851 forte
618 1786 1006 1872 parantibus
1069 1786 1248 1851 bello
1307 1804 1572 1852 cernere
1632 1785 2180 1851 Messanensibus
2233 1785 2489 1852 auxilio

383 1894 706 1954 venerunt
754 1888 953 1967 ultro,
1000 1908 1253 1974 eosque
1300 1887 1381 1952 ab
1421 1889 1617 1955 hoste
1663 1888 2030 1953 liberarunt
2056 1897 2105 1938 ¹⁷
2149 1888 2491 1974 provinci-

384 1992 537 2071 ales,
570 1992 746 2078 quod
793 1992 882 2057 ob
913 1992 1209 2059 meritum
1235 1992 1284 2033 ¹⁸
1327 2013 1576 2070 eorum,
1607 1996 1684 2056 ut
1726 1992 2002 2076 gratiam
2033 1990 2372 2070 referrent,
2418 1998 2487 2056 et

371 2095 458 2160 -in
505 2117 694 2162 suum
746 2116 1016 2181 corpus,
1076 2096 1739 2180 communionemque
1788 2115 2090 2178 agrorum
2134 2094 2489 2161 invitarunt

382 2215 530 2276 eos,
565 2204 634 2264 et
674 2218 917 2265 nomen
962 2202 1367 2284 acceperunt
1412 2217 1638 2276 unum,
1689 2203 1767 2262 ut
1800 2196 2164 2261 dicerentur
2195 2194 2489 2260 Mamer-

381 2302 533 2382 tini,
561 2302 743 2387 quod
773 2302 1091 2387 conjectis
1122 2302 1191 2366 in
1219 2304 1466 2366 sortem
1493 2299 1850 2365 duodecim
1884 2299 2178 2364 Deorum
2206 2297 2489 2362 nomini-

382 2406 513 2471 bus
568 2406 864 2473 Mamers
903 2405 1074 2472 forte
1125 2405 1413 2483 exierat,
1455 2402 1573 2488 qui
1624 2402 1854 2488 lingua
1904 2400 2238 2468 Oscorum
2296 2398 2488 2466 Mars

380 2509 831 2592 significatur:
879 2510 1074 2596 cujus
1102 2508 1400 2573 historiae
1432 2513 1672 2572 auctor
1698 2511 1804 2570 est
1832 2503 2052 2569 Alfius
2076 2504 2246 2567 libro
2273 2503 2489 2587 primo

359 2611 543 2682 ⁴belli
566 2611 1153 2697 Carthaginiensis·
2318 2696 2323 2699 .

287 2714 643 2783 Mamilia*
675 2719 870 2783 turris
895 2719 1067 2784 intra
1095 2716 1375 2782 Saburae
1401 2723 1452 2767 ¹⁹
1477 2713 1817 2798 regionem
1847 2733 1892 2779 a
1912 2709 2221 2778 Mamilio
2248 2726 2489 2776 nomen

380 2820 670 2904 accepit.

287 2919 758 2989 Mamiliorum
781 2930 802 2960 ⁸
848 2922 1108 2991 familia
1157 2920 1548 3010 (progenita
1592 2917 1817 3013 fuit)‚†
1864 2939 1909 2985 a
1956 2916 2259 2983 Mamilia
2297 2914 2489 2983 Tele·

1225 3089 1589 3112 ‘Onmum

356 3195 418 3241 17
456 3190 556 3242 Ed.
575 3193 713 3243 Seal.
732 3197 751 3221 ⁸
769 3191 908 3244 forte
931 3191 1236 3256 parantibus
1257 3192 1576 3242 laborantibus
1590 3190 1731 3241 bello
1746 3202 1885 3240 ms.
1920 3184 2343 3238 Messanensibus
2365 3197 2414 3235 a.
2437 3197 2490 3259 vg

284 3272 342 3307 u.
363 3271 456 3307 eos
495 3271 559 3307 ue
580 3258 640 3307 ab
655 3273 708 3308 eo
731 3258 1038 3308 liberarant.'
1070 3258 1205 3307 Vide
1227 3258 1543 3309 Notas.—18
1564 3258 1647 3307 Ex
1663 3256 1965 3321 conjectura
1987 3251 2203 3316 alicujus
2227 3251 2321 3300 viri
2348 3249 2492 3298 doen

282 3329 440 3372 notat
498 3324 593 3372 eali
633 3339 690 3373 er
709 3322 769 3373 τὸ
801 3324 1021 3374 neritum
1053 3338 1203 3386 posse
1227 3324 1488 3373 emendari
1528 3321 1936 3372 exercitam—19
1966 3318 1982 3345 ‘
2005 3317 2066 3365 L.
2089 3332 2155 3367 m.
2177 3314 2375 3366 Sabura
2399 3313 2491 3362 ba·

285 3387 383 3436 bet
409 3402 506 3451 pro
528 3387 596 3439 Sa
683 3405 741 3438 α.
814 3389 945 3439 Haec
968 3390 1117 3438 Pauli
1152 3388 1303 3440 suut?
1339 3389 1454 3439 Ful.
1480 3387 1736 3439 Ursim-r
1764 3383 2027 3446 Progenisa
2046 3381 2168 3442 sait-
2235 3380 2368 3431 Haec
2402 3392 2481 3428 re-

269 3452 512 3517 jicienda
535 3469 647 3505 esse
672 3462 846 3506 monet
867 3455 1006 3505 Scal.
1029 3454 1151 3505 licet
1173 3456 1226 3505 in
1259 3455 1493 3505 omnibus
1519 3455 1664 3504 libris
1696 3459 1922 3516 reperta.

1273 3600 1488 3652 norm
1598 3588 1607 3597 ‘

285 3697 430 3765 apud
452 3699 816 3750 messanenses
850 3696 1147 3759 invaluisse,
1173 3703 1232 3748 ut
1255 3697 1351 3749 sub
1433 3697 1496 3748 iis
1534 3698 1709 3748 datum
1747 3693 1931 3745 fuisset
1970 3691 2166 3757 quoties,
2203 3687 2488 3750 nemo-us,

284 3791 437 3829 suam
470 3771 789 3842 potestatem
820 3777 999 3826 urbem
1035 3776 1353 3840 redegerint,
1432 3774 1701 3824 vicesimus.
1765 3771 1908 3821 Nota
1942 3764 2310 3831 superadjecta
2339 3770 2399 3813 ut
2431 3763 2490 3812 il-

282 3855 535 3921 civesque
558 3853 623 3905 ab
654 3853 891 3904 omnibus
924 3854 1225 3904 Mamertini
1257 3869 1348 3919 po·
1433 3851 1533 3900 lius
1556 3846 1766 3914 syllaba
1791 3843 2052 3911 quantitas
2080 3846 2376 3906 appareret.
2408 3838 2490 3888 De

284 3932 392 3983 tius
432 3931 839 3997 appellarentur,
881 3946 1034 3997 quam
1078 3930 1348 3982 Messenii.
1429 3939 1556 3975 vere
1580 3938 1729 3975 sacro
1753 3922 1871 3971 vide
1893 3919 1909 3947 ‘
1928 3933 2020 3968 ver
2042 3916 2279 3969 sacrum.'
2313 3917 2442 3966 Dae.

281 4009 426 4060 Vide
464 4017 520 4059 et
556 4007 744 4073 Polyb.
785 4007 874 4074 qni
915 4008 1071 4057 etiam
1113 4007 1349 4057 diversus
1491 4011 1513 4038 ¹
1548 4000 1774 4051 Mamilia
1817 3996 2009 4062 nrt-b]
2065 3994 2201 4045 vnde
2242 3991 2493 4046 ‘october

282 4086 415 4137 abit.
479 4086 649 4149 Supra
689 4087 794 4148 poet
825 4098 999 4133 uanam
1031 4084 1352 4146 vicensiunarn,
1428 4077 1634 4147 equus.'
1676 4078 1823 4127 Idem.
2184 4074 2194 4087 “

281 4159 564 4227 legendum
609 4160 898 4211 vicesimam.
966 4161 1020 4211 Is
1065 4162 1199 4210 enim
1253 4159 1355 4211 fuit
1490 4166 1509 4191 ·
1545 4151 1896 4217 umalama]
1930 4152 2011 4201 De
2026 4152 2232 4203 Octavo
2252 4146 2490 4198 Mamilio

281 4239 573 4290 scribarum
596 4251 746 4287 error
766 4237 1010 4300 solennis,
1032 4244 1089 4287 ut
1120 4239 1354 4303 quotiens,
1428 4237 1720 4289 Tusculano
1740 4230 1960 4298 Superbi
1978 4243 2187 4296 genero,
2204 4226 2293 4293 qui
2313 4224 2489 4277 Latini

285 4316 614 4379 Thensaurus,
628 4313 904 4365 danaim
918 4313 1362 4381 seriberent,eum-
1431 4315 1651 4368 nominis
1704 4311 1969 4379 princeps,
2018 4314 2075 4359 et
2130 4322 2161 4360 a
2202 4304 2488 4369 Telegono.
