3020 4853
591 375 688 423 nn
735 377 1148 428 vuasomm
1196 379 1825 432 stammam-rone
1876 361 2016 433 mli.
2066 387 2230 440 xw.

279 518 685 604 Peregrina²
712 533 905 589 sacra
935 530 1087 590 sunt
1111 526 1315 604 dicta,
1362 547 1518 613 quae
1558 529 1644 594 ab
1687 530 1837 596 aliis

371 624 709 708 religionis
739 629 952 710 gratia
979 635 1136 697 sunt
1164 630 1477 699 advecta.
2461 719 2465 724 p

276 725 641 812 Peregrina
670 752 865 798 sacra
894 735 1336 820 appellantur,
1367 757 1518 822 quae
1542 742 1661 802 aut
1704 742 2008 808 evocatis
2035 744 2165 811 diis
2218 749 2474 832 [Fsss'r.

373 832 441 897 in
486 837 960 920 oppugnandis
986 839 1260 904 urbibus
1292 839 1579 906 Romam
1612 851 1770 909 sunt
1798 846 2115 927 conlata,⁸
2161 860 2277 917 aut
2319 875 2475 937 quae

371 937 460 1002 ob
510 939 834 1022 quasdam
891 943 1251 1026 religiones
1311 964 1432 1030 per
1485 967 1726 1031 pacem
1782 958 1956 1033 sunt⁴
1987 954 2226 1036 petita,
2275 963 2351 1023 ut
2388 978 2476 1023 ex

373 1039 665 1126 Phrygia
709 1042 952 1110 Matris
1004 1045 1300 1129 Magnae,
1346 1069 1435 1114 ex
1484 1049 1758 1117 Graecia
1801 1050 2082 1129 Cereris,
2130 1058 2472 1145 Epidauro

371 1143 772 1230 AEsculapii,
819 1168 974 1233 quae
1031 1150 1347 1218 coluntur
1395 1174 1623 1220 eorum
1676 1176 1880 1238 more,
1934 1179 1978 1224 a
2028 1161 2270 1244 quibus
2325 1173 2478 1232 sunt

370 1254 672 1332 accepta.

274 1346 680 1434 Peregrinus
723 1363 919 1438 ager-¹¹
963 1360 1085 1436 est,
1131 1358 1248 1442 qui
1287 1378 1503 1444 neque
1551 1361 1923 1443 Romanus,
1969 1387 2181 1454 neque
2212 1369 2472 1440 hostilis

366 1453 667 1521 habetur.
711 1514 716 1519 ,

273 1554 632 1625 Peremere
656 1561 775 1626 alii
792 1581 1079 1646 posuere
1103 1584 1220 1648 pro
1245 1564 1617 1648 prohibere,
1638 1569 1752 1634 alii
1776 1588 1898 1653 pro
1920 1573 2176 1639 vitiare.
2201 1578 2339 1659 [ΡΑ
2355 1597 2395 1645 u
2412 1599 2476 1644 ι..

273 1657 715 1727 Peremere†¹
761 1664 1036 1731 Cincius
1065 1667 1132 1731 in
1178 1667 1354 1732 libro
1402 1668 1483 1733 de
1534 1672 1757 1736 verbis
1786 1673 2032 1756 priscis
2062 1679 2160 1741 ait
2224 1680 2477 1764 [Fss‘r.

368 1765 740 1847 significare
770 1769 969 1851 idem,
1014 1769 1195 1855 quod
1242 1772 1632 1855 prohibere:
1679 1782 1754 1840 at
1799 1776 1969 1843 Cato
2012 1780 2082 1846 in
2127 1783 2318 1863 libro,
2361 1789 2475 1871 qui

368 1875 479 1932 est
505 1869 589 1934 de
632 1891 701 1936 re
744 1872 1037 1952 militari,
1081 1893 1207 1957 pro
1253 1875 1486 1941 vitiare
1532 1898 1699 1943 usus
1746 1888 1878 1960 est,
1909 1902 2062 1947 cum
2107 1886 2243 1952 ait:
2305 1888 2477 1954 Cum

368 1973 792 2054 magistratus
836 1976 994 2040 nihil
1040 1977 1226 2042 aliud
1279 1979 1481 2046 audet
1529 1982 1884 2068 imperare,
1928 1989 2176 2073 nequid
2221 1988 2477 2075 Consul

293 2136 296 2137 γ
370 2075 658 2159 auspicii
687 2084 1005 2162 peremat.

270 2176 648 2243 Perennae&
690 2181 930 2249 dicitur
970 2185 1331 2269 auspicari,
1377 2186 1492 2269 qui
1542 2207 1821 2267 amnem,
1868 2199 1986 2257 aut
2032 2212 2293 2278 aquam,
2326 2217 2475 2283 quae

370 2300 459 2346 ex
492 2302 684 2349 sacro
712 2285 936 2364 oritur,
968 2289 1323 2372 auspicato
1354 2291 1614 2356 transit.

1884 533 2159 600 urbibus
2204 536 2473 619 [PAuL.

1203 2473 1571 2495 “meroe-coe

346 2574 379 2619 8
412 2568 533 2620 Vet.
558 2569 674 2619 eod.
696 2577 880 2622 conata.
936 2573 1031 2622 Vir
1054 2574 1196 2625 doct.
1221 2575 1274 2625 in
1300 2590 1460 2641 marg.
1496 2575 1581 2625 ed.
1615 2577 1754 2628 Scal.
1779 2577 1992 2642 conjicit
2032 2585 2298 2636 σοαπ-ὴ
2335 2582 2476 2633 Pere-

271 2649 425 2700 nna-e,
452 2636 532 2698 ξε.
564 2635 673 2687 Jos.
696 2638 833 2688 Scal.
859 2640 910 2688 in
936 2654 1095 2704 marg.
1135 2639 1216 2691 ed.
1254 2656 1359 2691 suae
1398 2642 1603 2692 notavit
1649 2643 1760 2694 baec
1797 2642 2007 2709 quidem
2039 2659 2156 2696 esse
2191 2645 2351 2710 Festi,
2385 2647 2476 2698 sed

271 2713 385 2749 non
409 2712 474 2749 ex
495 2702 703 2767 antiquo
727 2703 856 2754 libro
879 2713 1065 2755 sumta.
1149 2737 1154 2742 -

1268 2861 1317 2912 N
1326 2861 1490 2914 01·AE

2347 374 2476 443 579
2576 384 2587 400 ’

344 2976 360 3007 ‘
392 2976 681 3042 Peregrina]
711 2978 846 3029 Vide
869 2979 1110 3030 Verrium
1139 2992 1204 3028 ex
1228 2978 1335 3027 Pli-

267 3051 366 3102 nio
390 3052 479 3104 lib.
499 3068 704 3107 xxvm.
729 3070 847 3120 cap.
864 3061 914 3108 2.
940 3057 1008 3107 de
1032 3056 1128 3105 diis
1151 3071 1335 3106 evoca-

270 3128 367 3192 tis,
398 3128 463 3179 de
499 3131 683 3195 quibus
705 3133 852 3198 plura
874 3133 1110 3185 Macrob.
1133 3134 1222 3183 lib.
1246 3147 1335 3184 111.

267 3203 450 3255 Satur.
483 3206 603 3258 Ant.
625 3207 757 3269 Aug.

348 3281 613 3344 Peregrina
649 3283 805 3348 sacra]
835 3284 898 3334 In
938 3286 1336 3349 oppugnationi-

270 3357 395 3414 bus,
424 3365 547 3409 ante
586 3360 757 3409 omnia
789 3360 1098 3410 Sacerdotes
1121 3362 1334 3411 Romani

267 3434 467 3497 Deum,
487 3436 629 3500 cuju·
649 3437 701 3486 in
727 3438 890 3487 tutela
912 3445 1053 3487 esset
1071 3438 1338 3502 oppidum,

271 3511 417 3577 qnod
458 3512 815 3578 obsidebatur,
851 3513 1025 3565 verbis
1068 3517 1335 3581 conceptis

269 3591 584 3656 evocabant,
616 3594 1091 3658 promittebantqne
1115 3594 1186 3643 iili
1209 3609 1333 3644 eun·

273 3666 395 3715 dem
414 3674 504 3717 aut
518 3668 819 3733 ampliorem
835 3670 1001 3719 locum
1018 3670 1335 3735 cultumque.

273 3743 361 3792 Ex
405 3744 582 3794 Verrio
628 3746 816 3796 Flacco
858 3746 1015 3796 docet
1059 3747 1196 3796 Plin.
1240 3747 1331 3796 lib.

271 3832 484 3870 xxvru.
516 3835 634 3886 cap.
657 3826 736 3871 15.
803 3822 942 3873 Vide
973 3821 1210 3873 Maerob.
1241 3822 1331 3871 tib.

271 3910 364 3946 ur.
396 3898 656 3948 saturnal.
678 3913 796 3962 cap.
821 3905 898 3949 15.
934 3901 1061 3949 Duc.

341 3981 365 4005 ⁸·
399 3974 694 4037 Peregrinus
730 3976 869 4040 ager]
918 3978 1049 4036 Nam
1089 3991 1330 4041 agrorum

273 4049 505 4115 quinque
552 4066 773 4115 genera:
821 4056 836 4080 ⁸
858 4054 1153 4111 Romanus,¹
1184 4056 1199 4080 ⁸
1226 4053 1331 4104 Ga·

268 4126 462 4185 binus,'
502 4128 884 4192 ‘Peregrinus,'
921 4135 936 4157 ⁸
957 4130 1237 4194 Hosticus,'
1277 4139 1332 4181 et

273 4203 291 4231 ‘
314 4203 587 4257 incertus!
650 4206 803 4256 Varr.
840 4201 932 4258 lib.
955 4220 1033 4260 lv.
1069 4206 1136 4259 de
1173 4209 1232 4260 1..
1266 4209 1327 4260 L.

270 4279 422 4334 Idm

1481 2986 1506 3011 ¹
1545 2980 1816 3046 Per-emere]
1849 2982 1947 3032 Vel
1974 2983 2225 3046 perimere,
2244 2995 2345 3032 non
2373 2990 2478 3032 tam

1411 3056 1663 3121 prohibere
1705 3058 1784 3109 vel
1811 3060 2026 3126 'vitiat-e,
2075 3074 2229 3126 quam
2266 3058 2479 3118 ,omnino

1416 3135 1598 3197 tollere,
1621 3134 1687 3184 ab
1707 3150 1825 3199 emo,
1849 3137 1992 3188 tollo.
2055 3136 2192 3186 Vide
2228 3136 2481 3186 ‘surrem-

1417 3210 1520 3261 εἰμ’
1586 3213 1689 3263 Per
1732 3218 1900 3264 autem
1938 3216 2250 3266 intensivum
2288 3224 2387 3279 est,
2424 3222 2481 3264 et

1416 3286 1555 3338 infra
1596 3291 1648 3339 in
1696 3290 1870 3341 verbis
1910 3291 2122 3343 Catonis
2157 3293 2358 3357 perimat
2398 3300 2480 3342 est

1413 3364 1428 3391 ⁴
1447 3364 1629 3414 tollat?
1686 3363 1731 3414 A
1751 3367 1911 3417 verbo
1922 3383 2158 3432 peremne
2173 3375 2310 3431 suut,
2330 3371 2345 3396 ‘
2366 3381 2481 3431 per·

1416 3441 1630 3505 empta,’
1667 3442 1964 3505 interfecta,
1993 3460 2107 3510 quae
2130 3445 2338 3496 omnino
2361 3444 2479 3494 sub·

1415 3519 1526 3568 lata
1562 3527 1704 3581 sunt,
1740 3521 1863 3570 item
1897 3525 1912 3551 ‘
1932 3522 2279 3586 peremptalia
2311 3519 2479 3584 fulgu·

1415 3593 1510 3655 ra,’
1555 3607 1671 3658 quae
1718 3596 1890 3659 priora
1914 3596 1962 3644 vi
2005 3612 2095 3646 sua
2135 3597 2411 3660 perimunt,
2448 3597 2480 3644 i.

1415 3669 1636 3718 tollunt:
1675 3679 1731 3718 et
1773 3673 1787 3699 ‘
1812 3671 2181 3734 peremtorium
2213 3670 2479 3734 edictum,'

1415 3747 1550 3810 qnod
1577 3747 1719 3796 litem
1747 3748 1986 3811 perimat,
2012 3749 2180 3798 tollat.
2215 3750 2368 3799 Idem.

1476 3830 1499 3865 5
1536 3822 1786 3887 Peremne]
1820 3822 1957 3872 Vide
1989 3823 2004 3849 ‘
2025 3823 2311 3876 Petronia?
2356 3824 2477 3876 Ant.

1412 3899 1545 3963 Aug.

1481 3977 1735 4040 Peremne]
1767 3978 2023 4028 Peremne
2060 3979 2343 4044 auspicimn
2386 3979 2477 4030 du·

1412 4053 1533 4118 plex
1558 4069 1573 4102 ε
1611 4054 1900 4104 universum
1927 4054 2124 4119 populi,
2146 4070 2261 4106 cum
2293 4055 2473 4106 Idibus

1411 4131 1621 4181 Martiis
1641 4144 1839 4181 amnem
1853 4137 2127 4196 auspicato
2149 4133 2407 4194 transiret,
2418 4139 2475 4181 et

1412 4208 1578 4258 Annae
1607 4209 1859 4259 Perannae
1881 4223 1986 4258 rem
2007 4209 2230 4259 divinam
2258 4208 2471 4263 faceret,

1411 4294 1470 4336 ut
1513 4300 1705 4336 annare
1764 4298 2150 4351 peranuareque
2206 4283 2471 4336 commode
