3020 4853
505 319 635 387 100

1193 333 1433 384 sssx'rl-
1473 333 1782 383 Pom’ssn
1833 334 2040 383 FBS'H

506 482 1008 567 Auguraculum
1027 478 1052 517 '²
1091 480 1523 566 appellabant
1564 481 1845 565 antiqui,
1878 499 2080 565 quam
2107 498 2231 545 nos
2261 498 2479 546 arcem
2511 480 2684 547 dici-

590 606 774 651 mus:
820 584 1001 671 quod
1030 584 1127 649 ibi
1155 603 1430 667 augures
1460 584 1737 668 publice
1758 585 2274 668 auspicarentur.

383 740 395 750 .
502 690 855 774 Angustus
875 699 900 727 ‘²
926 689 1116 754 locus
1145 694 1448 765 sanctus,
1478 688 1566 752 ab
1597 688 1822 752 avium
1853 694 2046 769 gestu
2074 708 2093 767 ;
2137 686 2208 752 id
2243 693 2374 766 est,
2405 688 2565 771 quia
2594 687 2683 752 ab

585 795 823 860 avibus
852 790 1259 875 significatus
1297 798 1427 868 est,
1458 790 1558 855 sic
1597 789 1859 856 dictus:
1904 791 2048 856 sive
2076 791 2162 855 ab
2191 791 2419 857 avium
2459 796 2683 873 gusta-

586 903 700 978 tu;
744 896 908 982 quia
935 914 1099 960 aves
1122 900 1338 979 pastae
1365 892 1438 958 id
1468 902 1691 960 ratum
1718 894 1954 960 fecere.

499 1000 767 1067 Avidus
784 996 813 1036 ‘¹
844 1017 886 1064 a
910 1016 1044 1063 non
1073 996 1361 1062 videndo
1384 1001 1660 1081 propter
1686 997 1952 1063 nimiam
1975 996 2414 1082 cupiditatem
2444 996 2677 1082 appel-

583 1103 759 1168 latur
784 1122 803 1183 ;
847 1102 1022 1167 sicut
1053 1119 1304 1181 amena,
1332 1101 1448 1185 qui
1477 1110 1762 1166 mentem
1796 1120 1989 1166 suam
2016 1119 2152 1166 non
2180 1101 2408 1166 babet.

499 1204 819 1285 Avillas,·
848 1223 1050 1289 agnas
1082 1204 1372 1269 recentis
1402 1209 1655 1288 partus.

495 1306 716 1374 Aulas
738 1306 761 1345 e
824 1308 1076 1393 antiqui
1122 1307 1453 1387 dicebant,
1500 1328 1676 1394 quas
1722 1327 1849 1373 nos
1898 1309 2182 1374 dicimus
2227 1306 2403 1387 ollas
2428 1325 2448 1386 3
2514 1304 2674 1388 quia

576 1412 828 1477 nullam
883 1412 1143 1478 literam
1194 1412 1632 1494 geminabant.
1726 1411 1971 1497 Itaque
2029 1411 2393 1495 aulicoqna
2412 1412 2431 1442 ¹
2492 1413 2675 1487 exta,

577 1533 733 1599 quae
760 1516 829 1581 in
860 1515 1034 1580 aulis
1062 1514 1536 1598 coquebantur,
1566 1513 1920 1593 dicebant3
1964 1513 2033 1578 id
2064 1519 2188 1591 est,
2213 1514 2417 1580 elixa.

490 1616 844 1696 Avolant,⁸
874 1616 1157 1683 evolant.

489 1717 792 1785 Aul-eas¹²
815 1719 1132 1786 dicebant
1148 1719 1394 1801 frenos,
1420 1720 1666 1804 quibus
1697 1739 2025 1805 equorum
2045 1739 2243 1786 aures
2264 1721 2677 1804 religantur.⁸

1402 1905 1461 1925 CO

556 2024 580 2068 l
618 2019 721 2071 Ms.
741 2020 1019 2071 mtieoctia:
1057 2035 1174 2072 mox
1202 2036 1297 2087 pro
1324 2024 1450 2074 aulis
1481 2022 1691 2091 quidam
1723 2020 2007 2085 conjiciunt
2040 2021 2260 2071 allia—2
2293 2018 2390 2070 Ed.
2411 2018 2546 2069 Scsl.
2566 2017 2680 2067 reli-

482 2089 682 2146 guntur.

1468 2204 1515 2254 N
1525 2201 1687 2254 01·AE

481 2314 566 2363 vel
590 2316 805 2377 garritu.
839 2317 992 2370 Idem.

542 2388 566 2423 ὓ
597 2390 975 2459 Avunculum]
1009 2394 1200 2446 Casula
1222 2395 1273 2446 in
1296 2396 1413 2447 loco
1432 2394 1540 2448 edi-

476 2467 617 2526 tiori,
662 2472 880 2534 specula
919 2470 1185 2522 sublimior
1224 2479 1434 2537 patente
1486 2474 1540 2524 in

474 2545 590 2594 loco
613 2547 679 2595 sd
714 2548 931 2598 liberum
971 2557 1237 2614 aspectum
1272 2551 1541 2616 capiendis

474 2621 698 2683 auguriis
740 2637 806 2673 ex
841 2625 1018 2674 volatu
1050 2633 1106 2675 et
1141 2634 1298 2679 cantu
1350 2627 1540 2676 svium.

474 2694 630 2747 Quod
665 2705 838 2749 autem
869 2699 954 2748 hic
985 2707 1133 2763 putat
1169 2702 1366 2751 Paulus
1385 2717 1542 2752 arcem

473 2774 822 2826 recentiorem
864 2791 1003 2840 esse,
1041 2778 1112 2828 ibi
1155 2786 1299 2830 certe
1342 2777 1540 2830 frustra

471 2858 576 2912 est,
617 2857 676 2902 ut
719 2866 783 2903 ex
821 2854 1070 2905 Veterum
1095 2855 1344 2920 exemplis
1370 2862 1539 2920 patet.

470 2926 646 2979 Cicer.
670 2943 759 2980 m.
785 2928 851 2980 de
876 2927 981 2980 off.
1013 2932 1030 2962 6
1053 2947 1168 2982 cum
1205 2932 1258 2981 in
1286 2946 1408 2981 arce
1446 2947 1536 2982 au·

471 3004 672 3067 gui-inm
703 3007 875 3056 acturi
910 3015 1088 3057 essent
1122 3007 1381 3071 augures?
1419 3008 1534 3060 Liv.

467 3079 565 3130 lib.
594 3095 635 3130 ι.
689 3082 706 3110 6
731 3084 903 3133 Numa
942 3083 1196 3135 deductus
1234 3083 1300 3134 sb
1337 3098 1533 3150 augure

464 3154 524 3205 in
546 3157 758 3208 arcem.'
808 3159 872 3208 In
896 3173 1090 3224 arcem,
1128 3161 1224 3212 boc
1247 3168 1347 3226 est,
1370 3162 1423 3212 in
1444 3177 1531 3213 su·

464 3232 791 3294 Δςιιηοιιὶιιιιι.
836 3234 1249 3288 Tuber-naculum
1273 3238 1430 3289 etism
1453 3239 1531 3289 di·

467 3307 706 3359 cebatur.
741 3311 913 3362 Cicer.
932 3314 1048 3364 nde
1065 3315 1297 3367 Divinst.
1330 3317 1345 3344 6
1366 3316 1532 3367 Grac·

468 3382 594 3434 ebus
626 3400 745 3435 cum
783 3387 1168 3441 tabernaculum
1199 3392 1329 3443 vitio
1363 3392 1533 3457 cepis-

467 3468 553 3511 set
574 3462 911 3525 imprudens-⁹
962 3465 1053 3536 lbi¹
1086 3468 1222 3518 enim
1256 3469 1533 3519 tabenacu-

458 3536 568 3587 'lum
595 3538 723 3587 nibil
760 3539 901 3590 aliud
932 3549 1013 3592 est
1052 3558 1203 3610 quam
1246 3558 1532 3610 auguracu-

466 3612 595 3675 lum,
617 3629 726 3665 arx.
761 3615 913 3669 Idem.

528 3697 551 3723 ⁰
583 3691 859 3759 Augustus]
896 3694 1066 3745 Locus
1098 3696 1314 3762 augurio
1346 3710 1527 3748 conse-

465 3775 661 3819 cratus.
678 3770 902 3821 sueton.
923 3770 1149 3836 August.
1162 3788 1277 3838 cap.
1289 3776 1337 3823 7.
1358 3774 1373 3802 6
1387 3773 1527 3824 Loca

465 3845 729 3909 religiosa,
757 3854 812 3898 et
836 3847 887 3896 in
912 3848 1100 3913 quibus
1125 3856 1378 3914 augurato
1400 3847 1524 3914 quid

464 3930 821 3986 consecratur,
861 3931 1077 3988 augusta
1136 3926 1400 3992 dicuntur,
1460 3926 1527 3978 sb

464 4005 646 4059 auctu,
671 4000 753 4049 vel
778 3999 845 4049 ab
877 4002 1050 4051 avium
1083 4011 1252 4066 gestu,
1289 4012 1530 4069 gustuve,

462 4071 598 4123 sicut
635 4077 794 4126 etism
828 4076 1026 4128 Ennius
1060 4077 1234 4142 docet,
1255 4082 1484 4133 scribens
1509 4099 1525 4132 z

463 4147 735 4214 ‘Angusto
775 4153 990 4216 augurio
1023 4162 1295 4220 postquam
1332 4158 1529 4224 inclyta

464 4226 674 4279 condita
696 4229 862 4278 Roma
883 4228 995 4279 est!
1009 4229 1023 4252 ⁸
1057 4231 1205 4285 Idem.

1686 2316 1710 2350 ‘¹
1733 2317 1938 2381 Avidus]
1953 2316 2158 2379 Inepte.
2194 2312 2330 2364 Vide
2344 2327 2504 2378 supra
2526 2314 2541 2342 6
2559 2326 2680 2363 ave·

1623 2393 1714 2445 re.’
1746 2394 1896 2444 Idem.

1687 2478 1711 2506 ‘
1730 2469 1942 2534 Atilios]
1976 2469 2123 2532 Ovis,
2148 2469 2318 2524 ovilis,
2350 2474 2407 2518 et
2426 2483 2455 2516 ο
2475 2473 2678 2518 mutato

1621 2549 1673 2598 in
1694 2564 1726 2598 a
1744 2548 1925 2607 svills;
1961 2546 2071 2595 ovis
2095 2545 2289 2605 vetula,
2314 2545 2536 2595 recentis
2560 2558 2677 2608 par-

1622 2629 1721 2672 tus.
1776 2620 1945 2671 Vide‘
1964 2619 2188 2671 sdssiae'
2221 2634 2338 2670 narn
2372 2620 2493 2671 inde
2529 2626 2677 2684 pste-

1620 2698 1699 2749 bit
1715 2699 1823 2749 falli
1840 2698 2145 2756 Meursium,
2161 2699 2247 2762 qui
2266 2698 2444 2747 uillas
2459 2696 2563 2747 dici
2582 2710 2676 2762 pu-

1623 2776 1777 2839 tavit,
1835 2790 1951 2841 quae
1998 2773 2223 2826 nondum
2268 2774 2387 2824 velli
2446 2780 2676 2838 possent.

1618 2852 1772 2901 Idm.

1632 2923 1839 2992 fmulos]
1859 2925 2009 2982 Aula,
2027 2932 2227 2977 mutato
2242 2941 2306 2976 cu
2319 2924 2370 2975 in
2387 2941 2432 2988 ο,
2451 2925 2562 2987 οΙις
2583 2923 2675 2974 sd-

1617 3003 1728 3054 dito
1749 3005 1785 3069 l,
1805 3004 1939 3065 olla;
1961 3011 2019 3054 ut
2037 3005 2052 3032 6
2070 3001 2273 3060 csuds,'
2286 3005 2303 3033 6
2318 3001 2490 3056 coda!
2523 3003 2675 3052 Van.

1615 3079 1750 3132 ‘Sed
1771 3088 1830 3132 ut
1853 3081 1994 3132 esuis
2016 3081 2125 3130 sine
2158 3079 2326 3131 coda?
2381 3079 2531 3130 Infra
2551 3078 2674 3129 auli·

1612 3172 1758 3221 coquo
1775 3162 1922 3207 exta.-
1946 3157 1998 3206 in
2020 3157 2126 3206 Ms.
2141 3156 2408 3206 culicocti«.
2472 3157 2670 3205 Forsan

1615 3247 1709 3297 pro
1744 3233 2015 3294 aulicum,
2052 3246 2240 3297 nempe
2275 3247 2306 3283 s
2338 3246 2526 3299 coquo,
2549 3245 2670 3282 coc·

1613 3315 1744 3369 tum,
1766 3315 1821 3358 et
1854 3310 2099 3371 cocitum,
2126 3314 2184 3357 ut
2208 3321 2239 3357 a
2270 3309 2287 3337 6
2305 3305 2495 3370 faveo,’
2525 3305 2667 3357 ‘fau-

1613 3385 1750 3434 tum'
1773 3392 1826 3433 et
1858 3383 2142 3447 ‘favitnm,'
2177 3384 2314 3433 unde
2349 3380 2667 3434 ‘favitores'

1611 3462 1821 3511 Plauto.
1855 3462 2008 3511 Idem.

1676 3547 1703 3584 t
1720 3541 1950 3605 Aeolus-e]
1964 3541 2208 3598 Avolare,
2231 3539 2487 3605 precipiti
2510 3553 2664 3590 cursu

1609 3616 1822 3668 suferri.
1856 3618 2002 3681 virg.
2021 3618 2215 3669 rx.‘At
2229 3617 2460 3682 juvenis,
2485 3617 2665 3668 vicisse

1608 3693 1731 3743 dolo
1764 3700 1927 3758 ratus,
1950 3696 2125 3744 avolat
2159 3696 2289 3759 ipse,
2313 3693 2472 3744 Hand
2506 3708 2667 3756 mora,

1607 3771 1974 3838 conversisque
1991 3769 2149 3836 fugax
2165 3768 2400 3821 aufertur
2414 3769 2666 3820 habenis.'

1605 3846 1756 3898 Idem
1780 3847 1902 3897 alibi
1925 3849 2094 3911 molat,
2110 3847 2201 3898 lib.
2216 3860 2318 3898 vn.
2349 3847 2366 3875 6
2383 3848 2591 3911 Evolat,
2610 3854 2665 3898 et

1607 3930 1781 3973 natam
1804 3922 2060 3973 frondosis
2082 3922 2344 3973 montibus
2366 3921 2550 3973 abdit!
2595 3922 2664 3972 Et

1606 4002 1697 4055 lib.
1722 4016 1806 4053 rx.
1841 4001 2065 4052 ‘Evolat
2099 3999 2315 4050 infelix!
2350 3998 2502 4051 Idem·

1671 4079 1695 4113 δ
1727 4079 1940 4142 Aureus]
1972 4078 2057 4129 Ab
2091 4092 2234 4140 aure,
2266 4089 2457 4137 suren
2497 4083 2558 4127 ut
2595 4075 2659 4126 ab

1606 4171 1718 4220 ore,
1737 4171 1876 4207 ores.
1910 4156 2104 4206 Verum
2121 4169 2286 4206 aureus
2306 4161 2362 4204 et
2373 4168 2507 4204 orcus
2523 4154 2658 4203 idern

1605 4237 1666 4284 nt
1688 4232 1872 4297 cauda,
1893 4230 2055 4294 cods3
2089 4238 2283 4296 cautes,
2312 4237 2492 4293 cotes;
2523 4231 2658 4293 sula,
