<?xml version="1.0" encoding="UTF-8"?>
<!DOCTYPE html PUBLIC "-//W3C//DTD XHTML 1.0 Transitional//EN"
    "http://www.w3.org/TR/xhtml1/DTD/xhtml1-transitional.dtd">
<html xmlns="http://www.w3.org/1999/xhtml" xml:lang="en" lang="en">
 <head>
  <title>
</title>
<meta http-equiv="Content-Type" content="text/html;charset=utf-8" />
  <meta name='ocr-system' content='tesseract 3.04.00' />
  <meta name='ocr-capabilities' content='ocr_page ocr_carea ocr_par ocr_line ocrx_word'/>
</head>
<body>
  <div class='ocr_page' id='page_1' title='image "./mverriiflacciqu03flacgoog_0613.png"; bbox 0 0 3020 4853; ppageno 0'>
   <div class='ocr_carea' id='block_1_1' title="bbox 444 415 2065 470">
    <p class='ocr_par' dir='ltr' id='par_1_1' title="bbox 444 415 2065 470">
     <span class='ocr_line' id='line_1_1' title="bbox 444 415 2065 470; baseline 0.001 -4"><span class='ocrx_word' id='word_1_1' title='bbox 444 420 539 467; x_wconf 77' lang='grc' dir='ltr'><strong>ΠΒ</strong></span> <span class='ocrx_word' id='word_1_2' title='bbox 587 417 998 470; x_wconf 79' lang='lat' dir='ltr'><strong>VERBORUM</strong></span> <span class='ocrx_word' id='word_1_3' title='bbox 1048 415 1662 468; x_wconf 64' lang='lat' dir='ltr'><strong>smmmcs‘rlonss</strong></span> <span class='ocrx_word' id='word_1_4' title='bbox 1710 417 1855 467; x_wconf 76' lang='lat' dir='ltr'><strong>mn.</strong></span> <span class='ocrx_word' id='word_1_5' title='bbox 1902 417 2065 467; x_wconf 77' lang='lat' dir='ltr'><strong>XIV·</strong></span> 
     </span>
    </p>
   </div>
   <div class='ocr_carea' id='block_1_2' title="bbox 2233 402 2362 468">
    <p class='ocr_par' dir='ltr' id='par_1_2' title="bbox 2233 402 2362 468">
     <span class='ocr_line' id='line_1_2' title="bbox 2233 402 2362 468; baseline 0 0"><span class='ocrx_word' id='word_1_6' title='bbox 2233 402 2362 468; x_wconf 81' lang='lat'><strong>599</strong></span> 
     </span>
    </p>
   </div>
   <div class='ocr_carea' id='block_1_3' title="bbox 202 560 2373 1364">
    <p class='ocr_par' dir='ltr' id='par_1_3' title="bbox 204 560 2360 750">
     <span class='ocr_line' id='line_1_3' title="bbox 204 560 2360 646; baseline -0.001 -18"><span class='ocrx_word' id='word_1_7' title='bbox 204 564 538 630; x_wconf 86' lang='lat' dir='ltr'><strong>Piscatorii</strong></span> <span class='ocrx_word' id='word_1_8' title='bbox 569 562 709 627; x_wconf 89' lang='lat' dir='ltr'><strong>ludi</strong></span> <span class='ocrx_word' id='word_1_9' title='bbox 750 569 1093 640; x_wconf 87' lang='lat' dir='ltr'><strong>vocantur,</strong></span> <span class='ocrx_word' id='word_1_10' title='bbox 1122 561 1237 646; x_wconf 91' lang='lat' dir='ltr'><strong>qui</strong></span> <span class='ocrx_word' id='word_1_11' title='bbox 1267 580 1494 626; x_wconf 88' lang='lat' dir='ltr'><strong>mense</strong></span> <span class='ocrx_word' id='word_1_12' title='bbox 1524 560 1736 627; x_wconf 82' lang='lat' dir='ltr'><strong>Junio</strong></span> <span class='ocrx_word' id='word_1_13' title='bbox 1766 561 1908 626; x_wconf 88' lang='lat' dir='ltr'><strong>fieri</strong></span> <span class='ocrx_word' id='word_1_14' title='bbox 1939 580 2048 626; x_wconf 90' lang='lat' dir='ltr'><strong>so·</strong></span> <span class='ocrx_word' id='word_1_15' title='bbox 2092 561 2360 640; x_wconf 67' lang='lat' dir='ltr'><strong>[PAun.</strong></span> 
     </span>
     <span class='ocr_line' id='line_1_4' title="bbox 280 664 1848 750; baseline 0.001 -20"><span class='ocrx_word' id='word_1_16' title='bbox 280 666 412 733; x_wconf 84' lang='lat' dir='ltr'><strong>lent</strong></span> <span class='ocrx_word' id='word_1_17' title='bbox 441 687 559 750; x_wconf 85' lang='lat' dir='ltr'><strong>pro</strong></span> <span class='ocrx_word' id='word_1_18' title='bbox 592 674 858 749; x_wconf 85' lang='lat' dir='ltr'><strong>quaestu</strong></span> <span class='ocrx_word' id='word_1_19' title='bbox 891 666 1290 750; x_wconf 89' lang='lat' dir='ltr'><strong>piscantium</strong></span> <span class='ocrx_word' id='word_1_20' title='bbox 1315 671 1497 730; x_wconf 88' lang='lat' dir='ltr'><strong>trans</strong></span> <span class='ocrx_word' id='word_1_21' title='bbox 1526 664 1848 731; x_wconf 82' lang='lat' dir='ltr'><strong>Tiberim.</strong></span> 
     </span>
    </p>

    <p class='ocr_par' dir='ltr' id='par_1_4' title="bbox 202 765 2368 1262">
     <span class='ocr_line' id='line_1_5' title="bbox 202 765 2363 851; baseline -0.001 -19"><span class='ocrx_word' id='word_1_22' title='bbox 202 769 589 834; x_wconf 58' lang='lat' dir='ltr'><strong>Piscatoriiff</strong></span> <span class='ocrx_word' id='word_1_23' title='bbox 619 770 762 833; x_wconf 90' lang='lat' dir='ltr'><strong>ludi</strong></span> <span class='ocrx_word' id='word_1_24' title='bbox 796 775 1138 847; x_wconf 89' lang='lat' dir='ltr'><strong>vocantur,</strong></span> <span class='ocrx_word' id='word_1_25' title='bbox 1169 769 1287 851; x_wconf 90' lang='lat' dir='ltr'><strong>qui</strong></span> <span class='ocrx_word' id='word_1_26' title='bbox 1316 768 1664 851; x_wconf 81' lang='lat' dir='ltr'><strong>quotannis</strong></span> <span class='ocrx_word' id='word_1_27' title='bbox 1695 785 1922 831; x_wconf 85' lang='lat' dir='ltr'><strong>mense</strong></span> <span class='ocrx_word' id='word_1_28' title='bbox 1949 765 1996 831; x_wconf 88' lang='lat' dir='ltr'><strong>J</strong></span> <span class='ocrx_word' id='word_1_29' title='bbox 2002 785 2073 830; x_wconf 91' lang='lat' dir='ltr'><strong>u·</strong></span> <span class='ocrx_word' id='word_1_30' title='bbox 2115 766 2363 849; x_wconf 74' lang='lat' dir='ltr'><strong>[FEST.</strong></span> 
     </span>
     <span class='ocr_line' id='line_1_6' title="bbox 280 869 2364 954; baseline -0 -19"><span class='ocrx_word' id='word_1_31' title='bbox 280 873 388 935; x_wconf 90' lang='lat' dir='ltr'><strong>nio</strong></span> <span class='ocrx_word' id='word_1_32' title='bbox 441 878 621 938; x_wconf 88' lang='lat' dir='ltr'><strong>trans</strong></span> <span class='ocrx_word' id='word_1_33' title='bbox 665 872 960 937; x_wconf 83' lang='lat' dir='ltr'><strong>Tiberim</strong></span> <span class='ocrx_word' id='word_1_34' title='bbox 1013 871 1150 935; x_wconf 88' lang='lat' dir='ltr'><strong>fieri</strong></span> <span class='ocrx_word' id='word_1_35' title='bbox 1201 871 1420 934; x_wconf 88' lang='lat' dir='ltr'><strong>solent</strong></span> <span class='ocrx_word' id='word_1_36' title='bbox 1470 890 1515 935; x_wconf 88' lang='lat' dir='ltr'><strong>a</strong></span> <span class='ocrx_word' id='word_1_37' title='bbox 1566 869 1866 935; x_wconf 87' lang='lat' dir='ltr'><strong>Praetore</strong></span> <span class='ocrx_word' id='word_1_38' title='bbox 1921 869 2197 935; x_wconf 87' lang='lat' dir='ltr'><strong>Urbano</strong></span> <span class='ocrx_word' id='word_1_39' title='bbox 2244 890 2364 954; x_wconf 88' lang='lat' dir='ltr'><strong>pro</strong></span> 
     </span>
     <span class='ocr_line' id='line_1_7' title="bbox 277 971 2363 1058; baseline -0.001 -21"><span class='ocrx_word' id='word_1_40' title='bbox 277 975 720 1058; x_wconf 84' lang='lat' dir='ltr'><strong>piscatoribus</strong></span> <span class='ocrx_word' id='word_1_41' title='bbox 749 974 1107 1048; x_wconf 88' lang='lat' dir='ltr'><strong>Tiberinis,</strong></span> <span class='ocrx_word' id='word_1_42' title='bbox 1136 993 1411 1056; x_wconf 89' lang='lat' dir='ltr'><strong>quorum</strong></span> <span class='ocrx_word' id='word_1_43' title='bbox 1428 979 1733 1058; x_wconf 85' lang='lat' dir='ltr'><strong>quaestus</strong></span> <span class='ocrx_word' id='word_1_44' title='bbox 1759 973 1979 1038; x_wconf 89' lang='lat' dir='ltr'><strong>nonin</strong></span> <span class='ocrx_word' id='word_1_45' title='bbox 2009 971 2363 1038; x_wconf 81' lang='lat' dir='ltr'><strong>macellum</strong></span> 
     </span>
     <span class='ocr_line' id='line_1_8' title="bbox 279 1071 2368 1159; baseline -0.002 -19"><span class='ocrx_word' id='word_1_46' title='bbox 279 1078 595 1159; x_wconf 86' lang='lat' dir='ltr'><strong>pervenit,</strong></span> <span class='ocrx_word' id='word_1_47' title='bbox 626 1076 745 1141; x_wconf 88' lang='lat' dir='ltr'><strong>sed</strong></span> <span class='ocrx_word' id='word_1_48' title='bbox 777 1077 910 1141; x_wconf 87' lang='lat' dir='ltr'><strong>fere</strong></span> <span class='ocrx_word' id='word_1_49' title='bbox 955 1077 1020 1139; x_wconf 92' lang='lat' dir='ltr'><strong>in</strong></span> <span class='ocrx_word' id='word_1_50' title='bbox 1067 1093 1286 1142; x_wconf 82' lang='lat' dir='ltr'><strong>aream</strong></span> <span class='ocrx_word' id='word_1_51' title='bbox 1316 1074 1633 1154; x_wconf 80' lang='lat' dir='ltr'><strong>Volcani,</strong></span> <span class='ocrx_word' id='word_1_52' title='bbox 1663 1073 1844 1158; x_wconf 90' lang='lat' dir='ltr'><strong>quod</strong></span> <span class='ocrx_word' id='word_1_53' title='bbox 1885 1074 1952 1138; x_wconf 89' lang='lat' dir='ltr'><strong>id</strong></span> <span class='ocrx_word' id='word_1_54' title='bbox 1988 1093 2199 1157; x_wconf 87' lang='lat' dir='ltr'><strong>genus</strong></span> <span class='ocrx_word' id='word_1_55' title='bbox 2228 1071 2368 1156; x_wconf 87' lang='lat' dir='ltr'><strong>pis·</strong></span> 
     </span>
     <span class='ocr_line' id='line_1_9' title="bbox 281 1176 2254 1262; baseline -0.001 -20"><span class='ocrx_word' id='word_1_56' title='bbox 281 1181 638 1245; x_wconf 86' lang='lat' dir='ltr'><strong>ciculorum</strong></span> <span class='ocrx_word' id='word_1_57' title='bbox 668 1181 972 1246; x_wconf 82' lang='lat' dir='ltr'><strong>vivorum</strong></span> <span class='ocrx_word' id='word_1_58' title='bbox 1004 1179 1196 1243; x_wconf 86' lang='lat' dir='ltr'><strong>datur</strong></span> <span class='ocrx_word' id='word_1_59' title='bbox 1223 1179 1286 1243; x_wconf 91' lang='lat' dir='ltr'><strong>ei</strong></span> <span class='ocrx_word' id='word_1_60' title='bbox 1320 1179 1472 1243; x_wconf 91' lang='lat' dir='ltr'><strong>Deo</strong></span> <span class='ocrx_word' id='word_1_61' title='bbox 1503 1198 1626 1262; x_wconf 88' lang='lat' dir='ltr'><strong>pro</strong></span> <span class='ocrx_word' id='word_1_62' title='bbox 1657 1178 1895 1242; x_wconf 88' lang='lat' dir='ltr'><strong>animis</strong></span> <span class='ocrx_word' id='word_1_63' title='bbox 1918 1176 2254 1241; x_wconf 77' lang='lat' dir='ltr'><strong>humanis·</strong></span> 
     </span>
    </p>

    <p class='ocr_par' dir='ltr' id='par_1_5' title="bbox 202 1278 2373 1364">
     <span class='ocr_line' id='line_1_10' title="bbox 202 1278 2373 1364; baseline 0.001 -21"><span class='ocrx_word' id='word_1_64' title='bbox 202 1278 553 1346; x_wconf 90' lang='lat' dir='ltr'><strong>Piscatorii</strong></span> <span class='ocrx_word' id='word_1_65' title='bbox 583 1281 724 1346; x_wconf 89' lang='lat' dir='ltr'><strong>ludi</strong></span> <span class='ocrx_word' id='word_1_66' title='bbox 754 1281 1169 1358; x_wconf 82' lang='lat' dir='ltr'><strong>dicebantur,</strong></span> <span class='ocrx_word' id='word_1_67' title='bbox 1200 1280 1317 1364; x_wconf 90' lang='lat' dir='ltr'><strong>qui</strong></span> <span class='ocrx_word' id='word_1_68' title='bbox 1346 1279 1598 1346; x_wconf 88' lang='lat' dir='ltr'><strong>fiebant</strong></span> <span class='ocrx_word' id='word_1_69' title='bbox 1626 1298 1748 1363; x_wconf 85' lang='lat' dir='ltr'><strong>pro</strong></span> <span class='ocrx_word' id='word_1_70' title='bbox 1777 1285 2037 1364; x_wconf 85' lang='lat' dir='ltr'><strong>quaestu</strong></span> <span class='ocrx_word' id='word_1_71' title='bbox 2101 1278 2373 1361; x_wconf 71' lang='lat' dir='ltr'><strong>[PAun.</strong></span> 
     </span>
    </p>
   </div>
   <div class='ocr_carea' id='block_1_4' title="bbox 279 1382 700 1466">
    <p class='ocr_par' dir='ltr' id='par_1_6' title="bbox 279 1382 700 1466">
     <span class='ocr_line' id='line_1_11' title="bbox 279 1382 700 1466; baseline -0.005 -20"><span class='ocrx_word' id='word_1_72' title='bbox 279 1382 700 1466; x_wconf 88' lang='lat' dir='ltr'><strong>piscantium.</strong></span> 
     </span>
    </p>
   </div>
   <div class='ocr_carea' id='block_1_5' title="bbox 202 1467 2379 1980">
    <p class='ocr_par' dir='ltr' id='par_1_7' title="bbox 203 1467 2368 1676">
     <span class='ocr_line' id='line_1_12' title="bbox 203 1467 2368 1568; baseline 0 -22"><span class='ocrx_word' id='word_1_73' title='bbox 203 1482 648 1564; x_wconf 72' lang='lat' dir='ltr'><strong>Piscatorium</strong></span> <span class='ocrx_word' id='word_1_74' title='bbox 686 1505 782 1552; x_wconf 86' lang='lat' dir='ltr'><strong>aes</strong></span> <span class='ocrx_word' id='word_1_75' title='bbox 822 1491 1090 1551; x_wconf 85' lang='lat' dir='ltr'><strong>vetusto</strong></span> <span class='ocrx_word' id='word_1_76' title='bbox 1134 1504 1318 1550; x_wconf 88' lang='lat' dir='ltr'><strong>more</strong></span> <span class='ocrx_word' id='word_1_77' title='bbox 1348 1467 1738 1568; x_wconf 79' lang='lat' dir='ltr'><strong>appellatur,</strong></span> <span class='ocrx_word' id='word_1_78' title='bbox 1784 1482 1963 1568; x_wconf 90' lang='lat' dir='ltr'><strong>quod</strong></span> <span class='ocrx_word' id='word_1_79' title='bbox 1995 1483 2061 1547; x_wconf 91' lang='lat' dir='ltr'><strong>in</strong></span> <span class='ocrx_word' id='word_1_80' title='bbox 2121 1482 2368 1563; x_wconf 72' lang='lat' dir='ltr'><strong>[FBS‘P.</strong></span> 
     </span>
     <span class='ocr_line' id='line_1_13' title="bbox 278 1585 1533 1676; baseline -0.001 -26"><span class='ocrx_word' id='word_1_81' title='bbox 278 1594 506 1652; x_wconf 90' lang='lat' dir='ltr'><strong>monte</strong></span> <span class='ocrx_word' id='word_1_82' title='bbox 537 1586 804 1676; x_wconf 76' lang='lat' dir='ltr'><strong>Albano</strong></span> <span class='ocrx_word' id='word_1_83' title='bbox 838 1588 1028 1652; x_wconf 89' lang='lat' dir='ltr'><strong>datur</strong></span> <span class='ocrx_word' id='word_1_84' title='bbox 1055 1605 1177 1669; x_wconf 85' lang='lat' dir='ltr'><strong>pro</strong></span> <span class='ocrx_word' id='word_1_85' title='bbox 1206 1585 1533 1670; x_wconf 79' lang='lat' dir='ltr'><strong>piscibus,</strong></span> 
     </span>
    </p>

    <p class='ocr_par' dir='ltr' id='par_1_8' title="bbox 202 1686 2379 1980">
     <span class='ocr_line' id='line_1_14' title="bbox 202 1686 2375 1773; baseline -0 -23"><span class='ocrx_word' id='word_1_86' title='bbox 202 1686 528 1754; x_wconf 77' lang='lat' dir='ltr'><strong>Piscinae⁸</strong></span> <span class='ocrx_word' id='word_1_87' title='bbox 567 1690 861 1773; x_wconf 74' lang='lat' dir='ltr'><strong>publicae</strong></span> <span class='ocrx_word' id='word_1_88' title='bbox 901 1687 1235 1771; x_wconf 86' lang='lat' dir='ltr'><strong>hodieque</strong></span> <span class='ocrx_word' id='word_1_89' title='bbox 1274 1707 1517 1752; x_wconf 87' lang='lat' dir='ltr'><strong>nomen</strong></span> <span class='ocrx_word' id='word_1_90' title='bbox 1546 1692 1792 1766; x_wconf 88' lang='lat' dir='ltr'><strong>manet,</strong></span> <span class='ocrx_word' id='word_1_91' title='bbox 1823 1689 1980 1771; x_wconf 85' lang='lat' dir='ltr'><strong>ipsa</strong></span> <span class='ocrx_word' id='word_1_92' title='bbox 2002 1706 2135 1752; x_wconf 89' lang='lat' dir='ltr'><strong>non</strong></span> <span class='ocrx_word' id='word_1_93' title='bbox 2161 1692 2375 1763; x_wconf 84' lang='lat' dir='ltr'><strong>extat,</strong></span> 
     </span>
     <span class='ocr_line' id='line_1_15' title="bbox 284 1790 2379 1876; baseline -0 -23"><span class='ocrx_word' id='word_1_94' title='bbox 284 1791 370 1854; x_wconf 88' lang='lat' dir='ltr'><strong>ad</strong></span> <span class='ocrx_word' id='word_1_95' title='bbox 410 1813 612 1876; x_wconf 86' lang='lat' dir='ltr'><strong>quam</strong></span> <span class='ocrx_word' id='word_1_96' title='bbox 643 1801 712 1858; x_wconf 85' lang='lat' dir='ltr'><strong>et</strong></span> <span class='ocrx_word' id='word_1_97' title='bbox 757 1798 1078 1869; x_wconf 82' lang='lat' dir='ltr'><strong>natatum,</strong></span> <span class='ocrx_word' id='word_1_98' title='bbox 1107 1798 1173 1856; x_wconf 92' lang='lat' dir='ltr'><strong>et</strong></span> <span class='ocrx_word' id='word_1_99' title='bbox 1215 1791 1712 1856; x_wconf 83' lang='lat' dir='ltr'><strong>exercitationis</strong></span> <span class='ocrx_word' id='word_1_100' title='bbox 1755 1790 2009 1875; x_wconf 90' lang='lat' dir='ltr'><strong>alioqui</strong></span> <span class='ocrx_word' id='word_1_101' title='bbox 2038 1808 2242 1854; x_wconf 90' lang='lat' dir='ltr'><strong>causa</strong></span> <span class='ocrx_word' id='word_1_102' title='bbox 2268 1808 2379 1852; x_wconf 83' lang='lat' dir='ltr'><strong>ve-</strong></span> 
     </span>
     <span class='ocr_line' id='line_1_16' title="bbox 280 1891 2371 1980; baseline -0 -24"><span class='ocrx_word' id='word_1_103' title='bbox 280 1894 513 1961; x_wconf 86' lang='lat' dir='ltr'><strong>niebat</strong></span> <span class='ocrx_word' id='word_1_104' title='bbox 541 1896 851 1980; x_wconf 84' lang='lat' dir='ltr'><strong>populuS‚</strong></span> <span class='ocrx_word' id='word_1_105' title='bbox 884 1895 1073 1963; x_wconf 85' lang='lat' dir='ltr'><strong>uude</strong></span> <span class='ocrx_word' id='word_1_106' title='bbox 1092 1894 1391 1960; x_wconf 85' lang='lat' dir='ltr'><strong>Lucilius</strong></span> <span class='ocrx_word' id='word_1_107' title='bbox 1424 1894 1560 1959; x_wconf 88' lang='lat' dir='ltr'><strong>ait:</strong></span> <span class='ocrx_word' id='word_1_108' title='bbox 1596 1892 1730 1959; x_wconf 89' lang='lat' dir='ltr'><strong>Pro</strong></span> <span class='ocrx_word' id='word_1_109' title='bbox 1764 1894 2006 1959; x_wconf 91' lang='lat' dir='ltr'><strong>obtuso</strong></span> <span class='ocrx_word' id='word_1_110' title='bbox 2028 1913 2140 1959; x_wconf 86' lang='lat' dir='ltr'><strong>ore</strong></span> <span class='ocrx_word' id='word_1_111' title='bbox 2165 1891 2371 1976; x_wconf 88' lang='lat' dir='ltr'><strong>pugil,</strong></span> 
     </span>
    </p>
   </div>
   <div class='ocr_carea' id='block_1_6' title="bbox 284 1998 999 2078">
    <p class='ocr_par' dir='ltr' id='par_1_9' title="bbox 284 1998 999 2078">
     <span class='ocr_line' id='line_1_17' title="bbox 284 1998 999 2078; baseline 0.001 -18"><span class='ocrx_word' id='word_1_112' title='bbox 284 1998 679 2078; x_wconf 88' lang='lat' dir='ltr'><strong>piscinensis</strong></span> <span class='ocrx_word' id='word_1_113' title='bbox 711 2017 814 2063; x_wconf 89' lang='lat' dir='ltr'><strong>res</strong></span> <span class='ocrx_word' id='word_1_114' title='bbox 845 2008 974 2062; x_wconf 89' lang='lat' dir='ltr'><strong>est.</strong></span> <span class='ocrx_word' id='word_1_115' title='bbox 975 1998 999 2035; x_wconf 76' lang='lat'><strong>⁸</strong></span> 
     </span>
    </p>
   </div>
   <div class='ocr_carea' id='block_1_7' title="bbox 1114 2152 1474 2185">
    <p class='ocr_par' dir='ltr' id='par_1_10' title="bbox 1114 2152 1474 2185">
     <span class='ocr_line' id='line_1_18' title="bbox 1114 2152 1474 2185; baseline -0.003 -2"><span class='ocrx_word' id='word_1_116' title='bbox 1114 2152 1411 2185; x_wconf 58' lang='lat' dir='ltr'><strong>eeve&#39;eomee</strong></span> <span class='ocrx_word' id='word_1_117' title='bbox 1419 2163 1474 2183; x_wconf 72' lang='lat' dir='ltr'><strong>ee</strong></span> 
     </span>
    </p>
   </div>
   <div class='ocr_carea' id='block_1_8' title="bbox 259 2246 682 2297">
    <p class='ocr_par' dir='ltr' id='par_1_11' title="bbox 259 2246 682 2297">
     <span class='ocr_line' id='line_1_19' title="bbox 259 2246 682 2297; baseline 0.009 -4"><span class='ocrx_word' id='word_1_118' title='bbox 259 2250 291 2293; x_wconf 84' lang='lat'>8</span> <span class='ocrx_word' id='word_1_119' title='bbox 330 2246 471 2297; x_wconf 85' lang='lat' dir='ltr'><strong>Vide</strong></span> <span class='ocrx_word' id='word_1_120' title='bbox 495 2246 682 2297; x_wconf 68' lang='lat' dir='ltr'><strong>Notas.</strong></span> 
     </span>
    </p>
   </div>
   <div class='ocr_carea' id='block_1_9' title="bbox 1190 2386 1405 2439">
    <p class='ocr_par' dir='ltr' id='par_1_12' title="bbox 1190 2386 1405 2439">
     <span class='ocr_line' id='line_1_20' title="bbox 1190 2386 1405 2439; baseline -0.014 0"><span class='ocrx_word' id='word_1_121' title='bbox 1190 2386 1405 2439; x_wconf 78' lang='lat' dir='ltr'>NOTAE</span> 
     </span>
    </p>
   </div>
   <div class='ocr_carea' id='block_1_10' title="bbox 197 2502 1279 3945">
    <p class='ocr_par' dir='ltr' id='par_1_13' title="bbox 198 2502 1067 2568">
     <span class='ocr_line' id='line_1_21' title="bbox 198 2502 1067 2568; baseline 0 -16"><span class='ocrx_word' id='word_1_122' title='bbox 198 2502 473 2568; x_wconf 79' lang='lat' dir='ltr'><strong>legendnm</strong></span> <span class='ocrx_word' id='word_1_123' title='bbox 499 2502 722 2553; x_wconf 80' lang='lat' dir='ltr'><strong>videtur.</strong></span> <span class='ocrx_word' id='word_1_124' title='bbox 762 2504 874 2554; x_wconf 80' lang='lat' dir='ltr'><strong>Ful.</strong></span> <span class='ocrx_word' id='word_1_125' title='bbox 902 2505 1067 2554; x_wconf 69' lang='lat' dir='ltr'><strong>Um‘u.</strong></span> 
     </span>
    </p>

    <p class='ocr_par' dir='ltr' id='par_1_14' title="bbox 197 2580 1267 3790">
     <span class='ocr_line' id='line_1_22' title="bbox 260 2580 1256 2645; baseline 0.001 -15"><span class='ocrx_word' id='word_1_126' title='bbox 260 2588 283 2622; x_wconf 75' lang='lat'><em>⁷</em></span> <span class='ocrx_word' id='word_1_127' title='bbox 316 2580 605 2644; x_wconf 66' lang='lat' dir='ltr'><strong>Piscator-ii]</strong></span> <span class='ocrx_word' id='word_1_128' title='bbox 638 2582 800 2631; x_wconf 81' lang='lat' dir='ltr'><strong>Varro</strong></span> <span class='ocrx_word' id='word_1_129' title='bbox 820 2582 912 2631; x_wconf 88' lang='lat' dir='ltr'><strong>lib.</strong></span> <span class='ocrx_word' id='word_1_130' title='bbox 931 2596 981 2632; x_wconf 87' lang='lat' dir='ltr'><strong>v.</strong></span> <span class='ocrx_word' id='word_1_131' title='bbox 1017 2581 1083 2631; x_wconf 86' lang='lat' dir='ltr'><strong>de</strong></span> <span class='ocrx_word' id='word_1_132' title='bbox 1107 2580 1256 2645; x_wconf 80' lang='lat' dir='ltr'><strong>Ling.</strong></span> 
     </span>
     <span class='ocr_line' id='line_1_23' title="bbox 202 2654 1258 2722; baseline -0.001 -15"><span class='ocrx_word' id='word_1_133' title='bbox 202 2657 313 2707; x_wconf 78' lang='lat' dir='ltr'><strong>Lat.</strong></span> <span class='ocrx_word' id='word_1_134' title='bbox 362 2656 548 2707; x_wconf 83' lang='lat' dir='ltr'><strong>scribit</strong></span> <span class='ocrx_word' id='word_1_135' title='bbox 593 2658 958 2707; x_wconf 77' lang='lat' dir='ltr'><strong>Vulcanalibus</strong></span> <span class='ocrx_word' id='word_1_136' title='bbox 1015 2654 1258 2722; x_wconf 73' lang='lat' dir='ltr'><strong>populum</strong></span> 
     </span>
     <span class='ocr_line' id='line_1_24' title="bbox 200 2733 1259 2796; baseline 0.002 -15"><span class='ocrx_word' id='word_1_137' title='bbox 200 2733 438 2782; x_wconf 79' lang='lat' dir='ltr'><strong>animalia</strong></span> <span class='ocrx_word' id='word_1_138' title='bbox 467 2747 562 2795; x_wconf 79' lang='lat' dir='ltr'><strong>pro</strong></span> <span class='ocrx_word' id='word_1_139' title='bbox 596 2748 649 2782; x_wconf 88' lang='lat' dir='ltr'><strong>se</strong></span> <span class='ocrx_word' id='word_1_140' title='bbox 684 2733 927 2796; x_wconf 79' lang='lat' dir='ltr'><strong>inignem</strong></span> <span class='ocrx_word' id='word_1_141' title='bbox 952 2734 1159 2784; x_wconf 82' lang='lat' dir='ltr'><strong>mittere</strong></span> <span class='ocrx_word' id='word_1_142' title='bbox 1179 2749 1259 2783; x_wconf 89' lang='lat' dir='ltr'><strong>so-</strong></span> 
     </span>
     <span class='ocr_line' id='line_1_25' title="bbox 198 2808 1260 2861; baseline 0.002 -4"><span class='ocrx_word' id='word_1_143' title='bbox 198 2808 364 2861; x_wconf 86' lang='lat' dir='ltr'><strong>litum.</strong></span> <span class='ocrx_word' id='word_1_144' title='bbox 430 2812 513 2860; x_wconf 80' lang='lat' dir='ltr'><strong>Ea</strong></span> <span class='ocrx_word' id='word_1_145' title='bbox 550 2816 720 2860; x_wconf 84' lang='lat' dir='ltr'><strong>autem</strong></span> <span class='ocrx_word' id='word_1_146' title='bbox 760 2824 861 2860; x_wconf 90' lang='lat' dir='ltr'><strong>non</strong></span> <span class='ocrx_word' id='word_1_147' title='bbox 896 2825 1069 2861; x_wconf 85' lang='lat' dir='ltr'><strong>mense</strong></span> <span class='ocrx_word' id='word_1_148' title='bbox 1102 2810 1260 2861; x_wconf 85' lang='lat' dir='ltr'><strong>Junio</strong></span> 
     </span>
     <span class='ocr_line' id='line_1_26' title="bbox 199 2884 1264 2951; baseline 0.001 -17"><span class='ocrx_word' id='word_1_149' title='bbox 199 2886 288 2935; x_wconf 85' lang='lat' dir='ltr'><strong>sed</strong></span> <span class='ocrx_word' id='word_1_150' title='bbox 315 2900 374 2936; x_wconf 81' lang='lat' dir='ltr'><strong>x.</strong></span> <span class='ocrx_word' id='word_1_151' title='bbox 400 2887 526 2938; x_wconf 79' lang='lat' dir='ltr'><strong>Kal.</strong></span> <span class='ocrx_word' id='word_1_152' title='bbox 546 2887 697 2951; x_wconf 79' lang='lat' dir='ltr'><strong>Sept.</strong></span> <span class='ocrx_word' id='word_1_153' title='bbox 720 2884 936 2936; x_wconf 83' lang='lat' dir='ltr'><strong>fiebant.</strong></span> <span class='ocrx_word' id='word_1_154' title='bbox 1005 2886 1161 2935; x_wconf 84' lang='lat' dir='ltr'><strong>Ovid.</strong></span> <span class='ocrx_word' id='word_1_155' title='bbox 1188 2891 1264 2935; x_wconf 83' lang='lat' dir='ltr'><strong>ta·</strong></span> 
     </span>
     <span class='ocr_line' id='line_1_27' title="bbox 197 2961 1261 3026; baseline -0.003 -15"><span class='ocrx_word' id='word_1_156' title='bbox 197 2970 313 3012; x_wconf 83' lang='lat' dir='ltr'><strong>men</strong></span> <span class='ocrx_word' id='word_1_157' title='bbox 352 2963 447 3014; x_wconf 86' lang='lat' dir='ltr'><strong>lib.</strong></span> <span class='ocrx_word' id='word_1_158' title='bbox 474 2976 550 3012; x_wconf 79' lang='lat' dir='ltr'><strong>vr.</strong></span> <span class='ocrx_word' id='word_1_159' title='bbox 578 2963 777 3012; x_wconf 74' lang='lat' dir='ltr'><strong>Pastor.</strong></span> <span class='ocrx_word' id='word_1_160' title='bbox 802 2961 950 3011; x_wconf 85' lang='lat' dir='ltr'><strong>ludos</strong></span> <span class='ocrx_word' id='word_1_161' title='bbox 969 2961 1261 3026; x_wconf 70' lang='lat' dir='ltr'><strong>Tiberinon,</strong></span> 
     </span>
     <span class='ocr_line' id='line_1_28' title="bbox 199 3036 1264 3103; baseline -0.001 -17"><span class='ocrx_word' id='word_1_162' title='bbox 199 3046 252 3087; x_wconf 86' lang='lat' dir='ltr'><strong>et</strong></span> <span class='ocrx_word' id='word_1_163' title='bbox 271 3039 596 3103; x_wconf 74' lang='lat' dir='ltr'><strong>piscatorum</strong></span> <span class='ocrx_word' id='word_1_164' title='bbox 619 3037 782 3087; x_wconf 82' lang='lat' dir='ltr'><strong>refert</strong></span> <span class='ocrx_word' id='word_1_165' title='bbox 802 3038 897 3086; x_wconf 82' lang='lat' dir='ltr'><strong>hoc</strong></span> <span class='ocrx_word' id='word_1_166' title='bbox 920 3051 1095 3086; x_wconf 86' lang='lat' dir='ltr'><strong>mense</strong></span> <span class='ocrx_word' id='word_1_167' title='bbox 1134 3036 1264 3086; x_wconf 83' lang='lat' dir='ltr'><strong>fieri.</strong></span> 
     </span>
     <span class='ocr_line' id='line_1_29' title="bbox 197 3114 1265 3182; baseline -0.003 -17"><span class='ocrx_word' id='word_1_168' title='bbox 197 3117 347 3171; x_wconf 80' lang='lat' dir='ltr'><strong>Sunt.</strong></span> <span class='ocrx_word' id='word_1_169' title='bbox 370 3117 465 3182; x_wconf 88' lang='lat' dir='ltr'><strong>qui</strong></span> <span class='ocrx_word' id='word_1_170' title='bbox 492 3115 719 3165; x_wconf 74' lang='lat' dir='ltr'><strong>scribant</strong></span> <span class='ocrx_word' id='word_1_171' title='bbox 742 3127 844 3163; x_wconf 81' lang='lat' dir='ltr'><strong>non</strong></span> <span class='ocrx_word' id='word_1_172' title='bbox 873 3129 903 3163; x_wconf 83' lang='lat' dir='ltr'><strong>a</strong></span> <span class='ocrx_word' id='word_1_173' title='bbox 929 3114 1045 3164; x_wconf 85' lang='lat' dir='ltr'><strong>PR.</strong></span> <span class='ocrx_word' id='word_1_174' title='bbox 1067 3114 1265 3176; x_wconf 64' lang='lat' dir='ltr'><strong>sabano,</strong></span> 
     </span>
     <span class='ocr_line' id='line_1_30' title="bbox 202 3190 1262 3257; baseline -0.004 -15"><span class='ocrx_word' id='word_1_175' title='bbox 202 3194 294 3243; x_wconf 83' lang='lat' dir='ltr'><strong>sed</strong></span> <span class='ocrx_word' id='word_1_176' title='bbox 331 3210 364 3243; x_wconf 79' lang='lat' dir='ltr'><strong>a</strong></span> <span class='ocrx_word' id='word_1_177' title='bbox 398 3192 568 3257; x_wconf 77' lang='lat' dir='ltr'><strong>populo</strong></span> <span class='ocrx_word' id='word_1_178' title='bbox 608 3191 700 3242; x_wconf 77' lang='lat' dir='ltr'><strong>Ro.</strong></span> <span class='ocrx_word' id='word_1_179' title='bbox 740 3190 916 3239; x_wconf 75' lang='lat' dir='ltr'><strong>urbano</strong></span> <span class='ocrx_word' id='word_1_180' title='bbox 937 3190 1085 3239; x_wconf 87' lang='lat' dir='ltr'><strong>ludos</strong></span> <span class='ocrx_word' id='word_1_181' title='bbox 1108 3190 1220 3238; x_wconf 78' lang='lat' dir='ltr'><strong>fieri</strong></span> <span class='ocrx_word' id='word_1_182' title='bbox 1248 3206 1262 3238; x_wconf 75' lang='lat' dir='ltr'><em>z</em></span> 
     </span>
     <span class='ocr_line' id='line_1_31' title="bbox 197 3265 1264 3335; baseline -0.004 -16"><span class='ocrx_word' id='word_1_183' title='bbox 197 3269 335 3335; x_wconf 84' lang='lat' dir='ltr'><strong>quod</strong></span> <span class='ocrx_word' id='word_1_184' title='bbox 370 3266 617 3319; x_wconf 83' lang='lat' dir='ltr'><strong>mendum</strong></span> <span class='ocrx_word' id='word_1_185' title='bbox 641 3266 707 3316; x_wconf 84' lang='lat' dir='ltr'><strong>ab</strong></span> <span class='ocrx_word' id='word_1_186' title='bbox 731 3267 940 3317; x_wconf 85' lang='lat' dir='ltr'><strong>indocto</strong></span> <span class='ocrx_word' id='word_1_187' title='bbox 966 3267 1176 3316; x_wconf 83' lang='lat' dir='ltr'><strong>librario</strong></span> <span class='ocrx_word' id='word_1_188' title='bbox 1198 3265 1264 3315; x_wconf 83' lang='lat' dir='ltr'><strong>sd</strong></span> 
     </span>
     <span class='ocr_line' id='line_1_32' title="bbox 199 3342 1266 3410; baseline -0.004 -14"><span class='ocrx_word' id='word_1_189' title='bbox 199 3347 382 3396; x_wconf 82' lang='lat' dir='ltr'><strong>doctos</strong></span> <span class='ocrx_word' id='word_1_190' title='bbox 407 3342 659 3410; x_wconf 80' lang='lat' dir='ltr'><strong>quosdam</strong></span> <span class='ocrx_word' id='word_1_191' title='bbox 695 3343 825 3392; x_wconf 74' lang='lat' dir='ltr'><strong>viros</strong></span> <span class='ocrx_word' id='word_1_192' title='bbox 847 3343 1152 3406; x_wconf 79' lang='lat' dir='ltr'><strong>penetravit.</strong></span> <span class='ocrx_word' id='word_1_193' title='bbox 1202 3343 1266 3393; x_wconf 90' lang='lat' dir='ltr'><strong>In</strong></span> 
     </span>
     <span class='ocr_line' id='line_1_33' title="bbox 201 3418 1267 3486; baseline -0.001 -15"><span class='ocrx_word' id='word_1_194' title='bbox 201 3423 367 3474; x_wconf 79' lang='lat' dir='ltr'><strong>veteri</strong></span> <span class='ocrx_word' id='word_1_195' title='bbox 394 3420 608 3486; x_wconf 85' lang='lat' dir='ltr'><strong>quidem</strong></span> <span class='ocrx_word' id='word_1_196' title='bbox 632 3418 783 3477; x_wconf 82' lang='lat' dir='ltr'><strong>libro,</strong></span> <span class='ocrx_word' id='word_1_197' title='bbox 804 3418 939 3469; x_wconf 84' lang='lat' dir='ltr'><strong>unde</strong></span> <span class='ocrx_word' id='word_1_198' title='bbox 971 3420 1133 3470; x_wconf 85' lang='lat' dir='ltr'><strong>ceteri</strong></span> <span class='ocrx_word' id='word_1_199' title='bbox 1167 3421 1267 3470; x_wconf 86' lang='lat' dir='ltr'><strong>orti</strong></span> 
     </span>
     <span class='ocr_line' id='line_1_34' title="bbox 200 3497 1269 3562; baseline -0.002 -12"><span class='ocrx_word' id='word_1_200' title='bbox 200 3508 341 3562; x_wconf 86' lang='lat' dir='ltr'><strong>sunt,</strong></span> <span class='ocrx_word' id='word_1_201' title='bbox 362 3499 440 3549; x_wconf 84' lang='lat' dir='ltr'><strong>ita</strong></span> <span class='ocrx_word' id='word_1_202' title='bbox 463 3505 640 3560; x_wconf 83' lang='lat' dir='ltr'><strong>est,nt</strong></span> <span class='ocrx_word' id='word_1_203' title='bbox 662 3497 745 3547; x_wconf 89' lang='lat' dir='ltr'><strong>hic</strong></span> <span class='ocrx_word' id='word_1_204' title='bbox 783 3497 1093 3560; x_wconf 73' lang='lat' dir='ltr'><strong>scripsimus.</strong></span> <span class='ocrx_word' id='word_1_205' title='bbox 1158 3497 1269 3548; x_wconf 85' lang='lat' dir='ltr'><strong>Pis·</strong></span> 
     </span>
     <span class='ocr_line' id='line_1_35' title="bbox 202 3575 1268 3640; baseline -0.003 -12"><span class='ocrx_word' id='word_1_206' title='bbox 202 3592 317 3628; x_wconf 84' lang='lat' dir='ltr'><strong>cem</strong></span> <span class='ocrx_word' id='word_1_207' title='bbox 350 3578 531 3626; x_wconf 81' lang='lat' dir='ltr'><strong>vivum</strong></span> <span class='ocrx_word' id='word_1_208' title='bbox 569 3590 663 3640; x_wconf 84' lang='lat' dir='ltr'><strong>pro</strong></span> <span class='ocrx_word' id='word_1_209' title='bbox 687 3575 853 3624; x_wconf 79' lang='lat' dir='ltr'><strong>anima</strong></span> <span class='ocrx_word' id='word_1_210' title='bbox 877 3575 1093 3625; x_wconf 88' lang='lat' dir='ltr'><strong>bominis</strong></span> <span class='ocrx_word' id='word_1_211' title='bbox 1114 3575 1163 3624; x_wconf 90' lang='lat' dir='ltr'><strong>in</strong></span> <span class='ocrx_word' id='word_1_212' title='bbox 1188 3590 1268 3625; x_wconf 80' lang='lat' dir='ltr'><strong>sa-</strong></span> 
     </span>
     <span class='ocr_line' id='line_1_36' title="bbox 201 3652 1279 3715; baseline -0.003 -11"><span class='ocrx_word' id='word_1_213' title='bbox 201 3653 407 3705; x_wconf 77' lang='lat' dir='ltr'><strong>crificio</strong></span> <span class='ocrx_word' id='word_1_214' title='bbox 430 3653 681 3715; x_wconf 79' lang='lat' dir='ltr'><strong>oblatum,</strong></span> <span class='ocrx_word' id='word_1_215' title='bbox 703 3652 852 3701; x_wconf 86' lang='lat' dir='ltr'><strong>testis</strong></span> <span class='ocrx_word' id='word_1_216' title='bbox 871 3659 951 3701; x_wconf 89' lang='lat' dir='ltr'><strong>est</strong></span> <span class='ocrx_word' id='word_1_217' title='bbox 987 3652 1146 3702; x_wconf 78' lang='lat' dir='ltr'><strong>ovid.</strong></span> <span class='ocrx_word' id='word_1_218' title='bbox 1182 3652 1279 3703; x_wconf 89' lang='grc'><strong>111).</strong></span> 
     </span>
     <span class='ocr_line' id='line_1_37' title="bbox 202 3729 822 3790; baseline -0.003 -9"><span class='ocrx_word' id='word_1_219' title='bbox 202 3745 296 3783; x_wconf 80' lang='grc' dir='ltr'><strong>ιιι.</strong></span> <span class='ocrx_word' id='word_1_220' title='bbox 319 3731 526 3780; x_wconf 82' lang='lat' dir='ltr'><strong>Fsstor.</strong></span> <span class='ocrx_word' id='word_1_221' title='bbox 553 3729 670 3779; x_wconf 74' lang='lat' dir='ltr'><strong>Ast.</strong></span> <span class='ocrx_word' id='word_1_222' title='bbox 694 3729 822 3790; x_wconf 73' lang='lat' dir='ltr'><strong>Aug.</strong></span> 
     </span>
    </p>

    <p class='ocr_par' dir='ltr' id='par_1_15' title="bbox 199 3802 1272 3945">
     <span class='ocr_line' id='line_1_38' title="bbox 268 3802 1272 3869; baseline -0.006 -10"><span class='ocrx_word' id='word_1_223' title='bbox 268 3806 543 3859; x_wconf 70' lang='grc' dir='ltr'><strong>Ρίιοιιωτὶἰ</strong></span> <span class='ocrx_word' id='word_1_224' title='bbox 565 3806 688 3869; x_wconf 74' lang='lat' dir='ltr'><strong>ludi]</strong></span> <span class='ocrx_word' id='word_1_225' title='bbox 708 3809 758 3854; x_wconf 83' lang='lat'><strong>8.</strong></span> <span class='ocrx_word' id='word_1_226' title='bbox 781 3802 905 3853; x_wconf 87' lang='lat' dir='ltr'><strong>Idus</strong></span> <span class='ocrx_word' id='word_1_227' title='bbox 922 3804 1080 3855; x_wconf 86' lang='lat' dir='ltr'><strong>Junii.</strong></span> <span class='ocrx_word' id='word_1_228' title='bbox 1116 3803 1272 3854; x_wconf 74' lang='lat' dir='ltr'><strong>ovid.</strong></span> 
     </span>
     <span class='ocr_line' id='line_1_39' title="bbox 199 3883 1271 3945; baseline -0.007 -9"><span class='ocrx_word' id='word_1_229' title='bbox 199 3887 349 3936; x_wconf 76' lang='lat' dir='ltr'><strong>Fast-</strong></span> <span class='ocrx_word' id='word_1_230' title='bbox 386 3898 471 3933; x_wconf 79' lang='lat' dir='ltr'><strong>vr.</strong></span> <span class='ocrx_word' id='word_1_231' title='bbox 500 3883 712 3932; x_wconf 78' lang='lat' dir='ltr'><strong>‘Tertia</strong></span> <span class='ocrx_word' id='word_1_232' title='bbox 751 3889 868 3945; x_wconf 81' lang='lat' dir='ltr'><strong>post</strong></span> <span class='ocrx_word' id='word_1_233' title='bbox 914 3896 1073 3931; x_wconf 76' lang='lat' dir='ltr'><strong>nonas</strong></span> <span class='ocrx_word' id='word_1_234' title='bbox 1112 3895 1271 3930; x_wconf 87' lang='lat' dir='ltr'><strong>remo·</strong></span> 
     </span>
    </p>
   </div>
   <div class='ocr_carea' id='block_1_11' title="bbox 202 3958 1307 4025">
    <p class='ocr_par' dir='ltr' id='par_1_16' title="bbox 202 3958 1307 4025">
     <span class='ocr_line' id='line_1_40' title="bbox 202 3958 1307 4025; baseline -0.005 -13"><span class='ocrx_word' id='word_1_235' title='bbox 202 3977 329 4012; x_wconf 81' lang='lat' dir='ltr'><strong>vere</strong></span> <span class='ocrx_word' id='word_1_236' title='bbox 373 3962 621 4025; x_wconf 74' lang='lat' dir='ltr'><strong>Lycaona</strong></span> <span class='ocrx_word' id='word_1_237' title='bbox 662 3958 859 4008; x_wconf 81' lang='lat' dir='ltr'><strong>Phoebe</strong></span> <span class='ocrx_word' id='word_1_238' title='bbox 904 3958 1111 4014; x_wconf 84' lang='lat' dir='ltr'><strong>Fertur,</strong></span> <span class='ocrx_word' id='word_1_239' title='bbox 1151 3964 1207 4007; x_wconf 80' lang='lat' dir='ltr'><strong>et</strong></span> <span class='ocrx_word' id='word_1_240' title='bbox 1244 3971 1307 4006; x_wconf 80' lang='lat' dir='ltr'><strong>a.</strong></span> 
     </span>
    </p>
   </div>
   <div class='ocr_carea' id='block_1_12' title="bbox 200 4033 1276 4326">
    <p class='ocr_par' dir='ltr' id='par_1_17' title="bbox 200 4033 1276 4326">
     <span class='ocr_line' id='line_1_41' title="bbox 200 4033 1276 4101; baseline -0.007 -12"><span class='ocrx_word' id='word_1_241' title='bbox 200 4047 354 4101; x_wconf 78' lang='lat' dir='ltr'><strong>tergo</strong></span> <span class='ocrx_word' id='word_1_242' title='bbox 380 4048 487 4085; x_wconf 85' lang='lat' dir='ltr'><strong>non</strong></span> <span class='ocrx_word' id='word_1_243' title='bbox 513 4033 671 4083; x_wconf 80' lang='lat' dir='ltr'><strong>habet</strong></span> <span class='ocrx_word' id='word_1_244' title='bbox 702 4047 821 4082; x_wconf 78' lang='lat' dir='ltr'><strong>ursa</strong></span> <span class='ocrx_word' id='word_1_245' title='bbox 858 4038 1069 4082; x_wconf 84' lang='lat' dir='ltr'><strong>metum.</strong></span> <span class='ocrx_word' id='word_1_246' title='bbox 1131 4034 1276 4082; x_wconf 79' lang='lat' dir='ltr'><strong>Tunc</strong></span> 
     </span>
     <span class='ocr_line' id='line_1_42' title="bbox 201 4107 1276 4177; baseline -0.006 -14"><span class='ocrx_word' id='word_1_247' title='bbox 201 4128 303 4177; x_wconf 84' lang='lat' dir='ltr'><strong>ego</strong></span> <span class='ocrx_word' id='word_1_248' title='bbox 326 4127 413 4161; x_wconf 77' lang='lat' dir='ltr'><strong>me</strong></span> <span class='ocrx_word' id='word_1_249' title='bbox 440 4109 646 4159; x_wconf 85' lang='lat' dir='ltr'><strong>memini</strong></span> <span class='ocrx_word' id='word_1_250' title='bbox 670 4107 817 4158; x_wconf 84' lang='lat' dir='ltr'><strong>ludos</strong></span> <span class='ocrx_word' id='word_1_251' title='bbox 832 4108 883 4156; x_wconf 89' lang='lat' dir='ltr'><strong>in</strong></span> <span class='ocrx_word' id='word_1_252' title='bbox 897 4109 1129 4171; x_wconf 81' lang='lat' dir='ltr'><strong>gramine</strong></span> <span class='ocrx_word' id='word_1_253' title='bbox 1140 4124 1276 4159; x_wconf 86' lang='lat' dir='ltr'><strong>cam·</strong></span> 
     </span>
     <span class='ocr_line' id='line_1_43' title="bbox 201 4184 1274 4256; baseline -0.006 -16"><span class='ocrx_word' id='word_1_254' title='bbox 201 4191 258 4256; x_wconf 86' lang='lat' dir='ltr'><strong>pi</strong></span> <span class='ocrx_word' id='word_1_255' title='bbox 295 4189 581 4254; x_wconf 77' lang='lat' dir='ltr'><strong>Aspicere‚</strong></span> <span class='ocrx_word' id='word_1_256' title='bbox 614 4193 669 4235; x_wconf 86' lang='lat' dir='ltr'><strong>et</strong></span> <span class='ocrx_word' id='word_1_257' title='bbox 692 4184 870 4249; x_wconf 85' lang='lat' dir='ltr'><strong>didici,</strong></span> <span class='ocrx_word' id='word_1_258' title='bbox 895 4184 1094 4234; x_wconf 83' lang='lat' dir='ltr'><strong>lubrice</strong></span> <span class='ocrx_word' id='word_1_259' title='bbox 1113 4185 1274 4241; x_wconf 85' lang='lat' dir='ltr'><strong>Tibri.</strong></span> 
     </span>
     <span class='ocr_line' id='line_1_44' title="bbox 204 4260 1274 4326; baseline -0.002 -12"><span class='ocrx_word' id='word_1_260' title='bbox 204 4275 346 4316; x_wconf 84' lang='lat' dir='ltr'><strong>tuos.</strong></span> <span class='ocrx_word' id='word_1_261' title='bbox 415 4263 575 4311; x_wconf 77' lang='lat' dir='ltr'><strong>Festa</strong></span> <span class='ocrx_word' id='word_1_262' title='bbox 615 4260 724 4311; x_wconf 84' lang='lat' dir='ltr'><strong>dies</strong></span> <span class='ocrx_word' id='word_1_263' title='bbox 750 4261 873 4323; x_wconf 84' lang='lat' dir='ltr'><strong>illis,</strong></span> <span class='ocrx_word' id='word_1_264' title='bbox 912 4263 997 4326; x_wconf 86' lang='lat' dir='ltr'><strong>qui</strong></span> <span class='ocrx_word' id='word_1_265' title='bbox 1032 4263 1137 4312; x_wconf 82' lang='lat' dir='ltr'><strong>lina</strong></span> <span class='ocrx_word' id='word_1_266' title='bbox 1170 4278 1274 4313; x_wconf 84' lang='lat' dir='ltr'><strong>ma-</strong></span> 
     </span>
    </p>
   </div>
   <div class='ocr_carea' id='block_1_13' title="bbox 208 4338 1279 4405">
    <p class='ocr_par' dir='ltr' id='par_1_18' title="bbox 208 4338 1279 4405">
     <span class='ocr_line' id='line_1_45' title="bbox 208 4338 1279 4405; baseline -0.002 -13"><span class='ocrx_word' id='word_1_267' title='bbox 208 4342 398 4393; x_wconf 82' lang='lat' dir='ltr'><strong>dentis</strong></span> <span class='ocrx_word' id='word_1_268' title='bbox 436 4338 655 4403; x_wconf 78' lang='lat' dir='ltr'><strong>ducunt,</strong></span> <span class='ocrx_word' id='word_1_269' title='bbox 700 4339 904 4404; x_wconf 82' lang='lat' dir='ltr'><strong>Quique</strong></span> <span class='ocrx_word' id='word_1_270' title='bbox 949 4346 1131 4402; x_wconf 74' lang='lat' dir='ltr'><strong>tegunt</strong></span> <span class='ocrx_word' id='word_1_271' title='bbox 1162 4355 1279 4405; x_wconf 78' lang='lat' dir='ltr'><strong>par·</strong></span> 
     </span>
    </p>
   </div>
   <div class='ocr_carea' id='block_1_14' title="bbox 1332 2498 2414 4323">
    <p class='ocr_par' dir='ltr' id='par_1_19' title="bbox 1332 2498 2396 2935">
     <span class='ocr_line' id='line_1_46' title="bbox 1332 2498 2388 2552; baseline -0.001 -2"><span class='ocrx_word' id='word_1_272' title='bbox 1332 2503 1407 2552; x_wconf 84' lang='lat' dir='ltr'><strong>vis</strong></span> <span class='ocrx_word' id='word_1_273' title='bbox 1434 2517 1539 2552; x_wconf 80' lang='lat' dir='ltr'><strong>aera</strong></span> <span class='ocrx_word' id='word_1_274' title='bbox 1559 2517 1775 2552; x_wconf 84' lang='lat' dir='ltr'><strong>recurva</strong></span> <span class='ocrx_word' id='word_1_275' title='bbox 1797 2500 1954 2552; x_wconf 77' lang='lat' dir='ltr'><strong>cibis-⁰</strong></span> <span class='ocrx_word' id='word_1_276' title='bbox 2020 2498 2388 2550; x_wconf 81' lang='lat' dir='ltr'><strong>Volcuualibus</strong></span> 
     </span>
     <span class='ocr_line' id='line_1_47' title="bbox 1332 2577 2392 2645; baseline -0.004 -16"><span class='ocrx_word' id='word_1_277' title='bbox 1332 2581 1578 2645; x_wconf 84' lang='lat' dir='ltr'><strong>populum</strong></span> <span class='ocrx_word' id='word_1_278' title='bbox 1620 2594 1715 2644; x_wconf 85' lang='lat' dir='ltr'><strong>pro</strong></span> <span class='ocrx_word' id='word_1_279' title='bbox 1765 2594 1821 2628; x_wconf 88' lang='lat' dir='ltr'><strong>se</strong></span> <span class='ocrx_word' id='word_1_280' title='bbox 1858 2578 1912 2626; x_wconf 87' lang='lat' dir='ltr'><strong>iu</strong></span> <span class='ocrx_word' id='word_1_281' title='bbox 1945 2579 2117 2641; x_wconf 83' lang='lat' dir='ltr'><strong>ignem</strong></span> <span class='ocrx_word' id='word_1_282' title='bbox 2152 2577 2392 2626; x_wconf 78' lang='lat' dir='ltr'><strong>animalia</strong></span> 
     </span>
     <span class='ocr_line' id='line_1_48' title="bbox 1333 2651 2395 2705; baseline -0.005 0"><span class='ocrx_word' id='word_1_283' title='bbox 1333 2656 1534 2705; x_wconf 88' lang='lat' dir='ltr'><strong>misisse</strong></span> <span class='ocrx_word' id='word_1_284' title='bbox 1567 2655 1744 2705; x_wconf 76' lang='lat' dir='ltr'><strong>scribit</strong></span> <span class='ocrx_word' id='word_1_285' title='bbox 1765 2655 1932 2703; x_wconf 76' lang='lat' dir='ltr'><strong>Varro</strong></span> <span class='ocrx_word' id='word_1_286' title='bbox 1965 2652 2060 2702; x_wconf 88' lang='lat' dir='ltr'><strong>lib.</strong></span> <span class='ocrx_word' id='word_1_287' title='bbox 2084 2666 2138 2701; x_wconf 85' lang='lat' dir='ltr'><strong>v.</strong></span> <span class='ocrx_word' id='word_1_288' title='bbox 2172 2653 2188 2680; x_wconf 90' lang='lat'>‘</span> <span class='ocrx_word' id='word_1_289' title='bbox 2206 2651 2395 2701; x_wconf 81' lang='lat' dir='ltr'><strong>Volca-</strong></span> 
     </span>
     <span class='ocr_line' id='line_1_49' title="bbox 1333 2725 2394 2794; baseline -0.005 -12"><span class='ocrx_word' id='word_1_290' title='bbox 1333 2732 1469 2782; x_wconf 80' lang='lat' dir='ltr'><strong>nalia</strong></span> <span class='ocrx_word' id='word_1_291' title='bbox 1509 2748 1540 2782; x_wconf 83' lang='lat' dir='ltr'><strong>a</strong></span> <span class='ocrx_word' id='word_1_292' title='bbox 1572 2731 1821 2792; x_wconf 84' lang='lat' dir='ltr'><strong>Volcano,</strong></span> <span class='ocrx_word' id='word_1_293' title='bbox 1863 2728 1998 2794; x_wconf 86' lang='lat' dir='ltr'><strong>quod</strong></span> <span class='ocrx_word' id='word_1_294' title='bbox 2023 2729 2070 2778; x_wconf 89' lang='lat' dir='ltr'><strong>ei</strong></span> <span class='ocrx_word' id='word_1_295' title='bbox 2097 2735 2205 2778; x_wconf 87' lang='lat' dir='ltr'><strong>tum</strong></span> <span class='ocrx_word' id='word_1_296' title='bbox 2229 2725 2394 2783; x_wconf 69' lang='lat' dir='ltr'><strong>feriae.</strong></span> 
     </span>
     <span class='ocr_line' id='line_1_50' title="bbox 1335 2805 2396 2875; baseline -0.004 -18"><span class='ocrx_word' id='word_1_297' title='bbox 1335 2815 1391 2858; x_wconf 88' lang='lat' dir='ltr'><strong>et</strong></span> <span class='ocrx_word' id='word_1_298' title='bbox 1428 2809 1565 2874; x_wconf 88' lang='lat' dir='ltr'><strong>quod</strong></span> <span class='ocrx_word' id='word_1_299' title='bbox 1608 2821 1671 2857; x_wconf 87' lang='lat' dir='ltr'><strong>eo</strong></span> <span class='ocrx_word' id='word_1_300' title='bbox 1694 2807 1778 2856; x_wconf 85' lang='lat' dir='ltr'><strong>die</strong></span> <span class='ocrx_word' id='word_1_301' title='bbox 1804 2807 2024 2871; x_wconf 80' lang='lat' dir='ltr'><strong>populns</strong></span> <span class='ocrx_word' id='word_1_302' title='bbox 2043 2819 2137 2870; x_wconf 83' lang='lat' dir='ltr'><strong>pro</strong></span> <span class='ocrx_word' id='word_1_303' title='bbox 2160 2819 2216 2875; x_wconf 75' lang='lat' dir='ltr'><strong>se</strong></span> <span class='ocrx_word' id='word_1_304' title='bbox 2241 2805 2292 2853; x_wconf 88' lang='lat' dir='ltr'><strong>iu</strong></span> <span class='ocrx_word' id='word_1_305' title='bbox 2317 2805 2396 2868; x_wconf 83' lang='lat' dir='ltr'><strong>ig·</strong></span> 
     </span>
     <span class='ocr_line' id='line_1_51' title="bbox 1335 2881 2086 2935; baseline -0.005 0"><span class='ocrx_word' id='word_1_306' title='bbox 1335 2899 1450 2935; x_wconf 85' lang='lat' dir='ltr'><strong>nem</strong></span> <span class='ocrx_word' id='word_1_307' title='bbox 1472 2884 1711 2934; x_wconf 81' lang='lat' dir='ltr'><strong>animalis</strong></span> <span class='ocrx_word' id='word_1_308' title='bbox 1728 2881 1929 2933; x_wconf 65' lang='lat' dir='ltr'><strong>mittit!</strong></span> <span class='ocrx_word' id='word_1_309' title='bbox 1963 2883 2086 2932; x_wconf 77' lang='lat' dir='ltr'><strong>Dae.</strong></span> 
     </span>
    </p>

    <p class='ocr_par' dir='ltr' id='par_1_20' title="bbox 1339 2958 2403 3409">
     <span class='ocr_line' id='line_1_52' title="bbox 1398 2958 2398 3024; baseline -0.003 -14"><span class='ocrx_word' id='word_1_310' title='bbox 1398 2971 1419 2996; x_wconf 84' lang='lat'><em>²</em></span> <span class='ocrx_word' id='word_1_311' title='bbox 1445 2961 1678 3024; x_wconf 78' lang='lat' dir='ltr'><strong>Piscinoe]</strong></span> <span class='ocrx_word' id='word_1_312' title='bbox 1714 2960 1853 3021; x_wconf 86' lang='lat' dir='ltr'><strong>Lege</strong></span> <span class='ocrx_word' id='word_1_313' title='bbox 1880 2976 1894 3010; x_wconf 74' lang='lat' dir='ltr'>z</span> <span class='ocrx_word' id='word_1_314' title='bbox 1929 2960 2052 3009; x_wconf 71' lang='lat' dir='ltr'><strong>unde</strong></span> <span class='ocrx_word' id='word_1_315' title='bbox 2070 2958 2398 3009; x_wconf 64' lang='lat' dir='ltr'><strong>Lucilium.-</strong></span> 
     </span>
     <span class='ocr_line' id='line_1_53' title="bbox 1344 3036 2398 3101; baseline -0.003 -14"><span class='ocrx_word' id='word_1_316' title='bbox 1344 3039 1522 3087; x_wconf 75' lang='lat' dir='ltr'><strong>Obtuso</strong></span> <span class='ocrx_word' id='word_1_317' title='bbox 1543 3053 1643 3099; x_wconf 83' lang='lat' dir='ltr'><strong>ore,</strong></span> <span class='ocrx_word' id='word_1_318' title='bbox 1656 3037 1809 3101; x_wconf 73' lang='lat' dir='ltr'><strong>pugil,</strong></span> <span class='ocrx_word' id='word_1_319' title='bbox 1823 3036 2115 3101; x_wconf 71' lang='lat' dir='ltr'><strong>piscinensis,</strong></span> <span class='ocrx_word' id='word_1_320' title='bbox 2127 3051 2267 3095; x_wconf 78' lang='lat' dir='ltr'><strong>reses.</strong></span> <span class='ocrx_word' id='word_1_321' title='bbox 2292 3036 2398 3085; x_wconf 89' lang='lat' dir='ltr'><strong>Pu·</strong></span> 
     </span>
     <span class='ocr_line' id='line_1_54' title="bbox 1340 3115 2399 3180; baseline -0.003 -16"><span class='ocrx_word' id='word_1_322' title='bbox 1340 3115 1468 3180; x_wconf 81' lang='lat' dir='ltr'><strong>giles</strong></span> <span class='ocrx_word' id='word_1_323' title='bbox 1500 3123 1619 3164; x_wconf 85' lang='lat' dir='ltr'><strong>sunt</strong></span> <span class='ocrx_word' id='word_1_324' title='bbox 1655 3115 1841 3164; x_wconf 83' lang='lat' dir='ltr'><strong>obtuso</strong></span> <span class='ocrx_word' id='word_1_325' title='bbox 1873 3129 1984 3176; x_wconf 85' lang='lat' dir='ltr'><strong>ore,</strong></span> <span class='ocrx_word' id='word_1_326' title='bbox 2020 3120 2235 3178; x_wconf 84' lang='lat' dir='ltr'><strong>propter</strong></span> <span class='ocrx_word' id='word_1_327' title='bbox 2270 3127 2399 3177; x_wconf 83' lang='lat' dir='ltr'><strong>pug-</strong></span> 
     </span>
     <span class='ocr_line' id='line_1_55' title="bbox 1339 3189 2399 3257; baseline -0.003 -16"><span class='ocrx_word' id='word_1_328' title='bbox 1339 3207 1453 3256; x_wconf 80' lang='lat' dir='ltr'><strong>nos,</strong></span> <span class='ocrx_word' id='word_1_329' title='bbox 1474 3207 1600 3257; x_wconf 90' lang='lat' dir='ltr'><strong>quos</strong></span> <span class='ocrx_word' id='word_1_330' title='bbox 1616 3190 1667 3241; x_wconf 89' lang='lat' dir='ltr'><strong>in</strong></span> <span class='ocrx_word' id='word_1_331' title='bbox 1683 3206 1739 3240; x_wconf 86' lang='lat' dir='ltr'><strong>os</strong></span> <span class='ocrx_word' id='word_1_332' title='bbox 1755 3191 2013 3254; x_wconf 79' lang='lat' dir='ltr'><strong>recipiunt</strong></span> <span class='ocrx_word' id='word_1_333' title='bbox 2031 3207 2045 3240; x_wconf 72' lang='grc' dir='ltr'><strong>ι</strong></span> <span class='ocrx_word' id='word_1_334' title='bbox 2082 3191 2218 3240; x_wconf 87' lang='lat' dir='ltr'><strong>unde</strong></span> <span class='ocrx_word' id='word_1_335' title='bbox 2238 3189 2363 3239; x_wconf 82' lang='lat' dir='ltr'><strong>illud</strong></span> <span class='ocrx_word' id='word_1_336' title='bbox 2384 3205 2399 3238; x_wconf 76' lang='grc' dir='ltr'><strong>ε</strong></span> 
     </span>
     <span class='ocr_line' id='line_1_56' title="bbox 1340 3265 2403 3332; baseline -0.003 -15"><span class='ocrx_word' id='word_1_337' title='bbox 1340 3269 1358 3297; x_wconf 80' lang='lat'>⁸</span> <span class='ocrx_word' id='word_1_338' title='bbox 1377 3284 1435 3318; x_wconf 89' lang='lat' dir='ltr'><strong>os</strong></span> <span class='ocrx_word' id='word_1_339' title='bbox 1457 3269 1672 3330; x_wconf 76' lang='lat' dir='ltr'><strong>nullum,</strong></span> <span class='ocrx_word' id='word_1_340' title='bbox 1693 3268 1776 3317; x_wconf 81' lang='lat' dir='ltr'><strong>vel</strong></span> <span class='ocrx_word' id='word_1_341' title='bbox 1802 3268 1972 3330; x_wconf 79' lang='lat' dir='ltr'><strong>potius</strong></span> <span class='ocrx_word' id='word_1_342' title='bbox 1996 3266 2204 3332; x_wconf 86' lang='lat' dir='ltr'><strong>pugilis.</strong></span> <span class='ocrx_word' id='word_1_343' title='bbox 2209 3265 2224 3288; x_wconf 88' lang='lat'>’</span> <span class='ocrx_word' id='word_1_344' title='bbox 2269 3265 2403 3315; x_wconf 88' lang='lat' dir='ltr'><strong>Pro·</strong></span> 
     </span>
     <span class='ocr_line' id='line_1_57' title="bbox 1341 3342 2401 3409; baseline -0.005 -14"><span class='ocrx_word' id='word_1_345' title='bbox 1341 3346 1572 3397; x_wconf 83' lang='lat' dir='ltr'><strong>verbium</strong></span> <span class='ocrx_word' id='word_1_346' title='bbox 1597 3354 1677 3395; x_wconf 90' lang='lat' dir='ltr'><strong>est</strong></span> <span class='ocrx_word' id='word_1_347' title='bbox 1701 3344 1837 3409; x_wconf 78' lang='lat' dir='ltr'><strong>apud</strong></span> <span class='ocrx_word' id='word_1_348' title='bbox 1861 3344 2102 3393; x_wconf 80' lang='lat' dir='ltr'><strong>Pisutum</strong></span> <span class='ocrx_word' id='word_1_349' title='bbox 2125 3343 2178 3393; x_wconf 89' lang='lat' dir='ltr'><strong>iu</strong></span> <span class='ocrx_word' id='word_1_350' title='bbox 2195 3342 2401 3406; x_wconf 77' lang='lat' dir='ltr'><strong>Casina,</strong></span> 
     </span>
    </p>

    <p class='ocr_par' dir='ltr' id='par_1_21' title="bbox 1341 3416 2405 3791">
     <span class='ocr_line' id='line_1_58' title="bbox 1341 3416 2405 3481; baseline -0.006 -9.808"><span class='ocrx_word' id='word_1_351' title='bbox 1341 3423 1560 3475; x_wconf 86' lang='lat' dir='ltr'><strong>‘obtuso</strong></span> <span class='ocrx_word' id='word_1_352' title='bbox 1605 3436 1710 3477; x_wconf 80' lang='lat' dir='ltr'><strong>ore,</strong></span> <span class='ocrx_word' id='word_1_353' title='bbox 1714 3421 1844 3469; x_wconf 81' lang='lat' dir='ltr'><strong>&#39;vel</strong></span> <span class='ocrx_word' id='word_1_354' title='bbox 1881 3419 2106 3468; x_wconf 70' lang='lat' dir='ltr'><strong>obtunso.-</strong></span> <span class='ocrx_word' id='word_1_355' title='bbox 2139 3431 2255 3466; x_wconf 87' lang='lat' dir='ltr'><strong>cum</strong></span> <span class='ocrx_word' id='word_1_356' title='bbox 2290 3416 2405 3481; x_wconf 90' lang='lat' dir='ltr'><strong>quis</strong></span> 
     </span>
     <span class='ocr_line' id='line_1_59' title="bbox 1344 3484 2405 3563; baseline -0.008 -15"><span class='ocrx_word' id='word_1_357' title='bbox 1344 3513 1439 3563; x_wconf 83' lang='lat' dir='ltr'><strong>spe</strong></span> <span class='ocrx_word' id='word_1_358' title='bbox 1488 3497 1570 3547; x_wconf 84' lang='lat' dir='ltr'><strong>vel</strong></span> <span class='ocrx_word' id='word_1_359' title='bbox 1615 3496 1858 3563; x_wconf 83' lang='lat' dir='ltr'><strong>instituto</strong></span> <span class='ocrx_word' id='word_1_360' title='bbox 1900 3494 2158 3557; x_wconf 85' lang='lat' dir='ltr'><strong>dejectus,</strong></span> <span class='ocrx_word' id='word_1_361' title='bbox 2205 3484 2405 3556; x_wconf 75' lang='lat' dir='ltr'><strong>pudore</strong></span> 
     </span>
     <span class='ocr_line' id='line_1_60' title="bbox 1344 3568 2409 3634; baseline -0.011 -9"><span class='ocrx_word' id='word_1_362' title='bbox 1344 3573 1659 3624; x_wconf 81' lang='lat' dir='ltr'><strong>suffunditur</strong></span> <span class='ocrx_word' id='word_1_363' title='bbox 1683 3573 1748 3621; x_wconf 86' lang='lat' dir='ltr'><strong>ab</strong></span> <span class='ocrx_word' id='word_1_364' title='bbox 1788 3572 1870 3626; x_wconf 88' lang='lat' dir='ltr'><strong>iis,</strong></span> <span class='ocrx_word' id='word_1_365' title='bbox 1906 3570 1991 3634; x_wconf 87' lang='lat' dir='ltr'><strong>qui</strong></span> <span class='ocrx_word' id='word_1_366' title='bbox 2031 3568 2154 3617; x_wconf 81' lang='lat' dir='ltr'><strong>nihil</strong></span> <span class='ocrx_word' id='word_1_367' title='bbox 2193 3573 2409 3631; x_wconf 80' lang='lat' dir='ltr'><strong>praeter-</strong></span> 
     </span>
     <span class='ocr_line' id='line_1_61' title="bbox 1343 3641 2407 3715; baseline -0.011 -16"><span class='ocrx_word' id='word_1_368' title='bbox 1343 3663 1494 3715; x_wconf 73' lang='lat' dir='ltr'><strong>quum</strong></span> <span class='ocrx_word' id='word_1_369' title='bbox 1520 3648 1570 3697; x_wconf 90' lang='lat' dir='ltr'><strong>iu</strong></span> <span class='ocrx_word' id='word_1_370' title='bbox 1595 3662 1651 3697; x_wconf 89' lang='lat' dir='ltr'><strong>os</strong></span> <span class='ocrx_word' id='word_1_371' title='bbox 1674 3660 1890 3695; x_wconf 82' lang='lat' dir='ltr'><strong>messem</strong></span> <span class='ocrx_word' id='word_1_372' title='bbox 1917 3656 2220 3707; x_wconf 74' lang='lat' dir='ltr'><strong>pugnorum,</strong></span> <span class='ocrx_word' id='word_1_373' title='bbox 2250 3649 2308 3690; x_wconf 87' lang='lat' dir='ltr'><strong>ut</strong></span> <span class='ocrx_word' id='word_1_374' title='bbox 2331 3641 2407 3690; x_wconf 86' lang='lat' dir='ltr'><strong>lo-</strong></span> 
     </span>
     <span class='ocr_line' id='line_1_62' title="bbox 1346 3709 2407 3791; baseline -0.01 -16"><span class='ocrx_word' id='word_1_375' title='bbox 1346 3727 1522 3791; x_wconf 87' lang='lat' dir='ltr'><strong>quitur</strong></span> <span class='ocrx_word' id='word_1_376' title='bbox 1539 3726 1778 3781; x_wconf 81' lang='lat' dir='ltr'><strong>Plautus,</strong></span> <span class='ocrx_word' id='word_1_377' title='bbox 1795 3726 2144 3783; x_wconf 19' lang='lat' dir='ltr'><strong>repintsruut</strong></span> <span class='ocrx_word' id='word_1_378' title='bbox 2162 3719 2265 3765; x_wconf 62' lang='grc' dir='ltr'><strong>δυο.</strong></span> <span class='ocrx_word' id='word_1_379' title='bbox 2279 3709 2407 3768; x_wconf 77' lang='lat' dir='ltr'><strong>Scal.</strong></span> 
     </span>
    </p>

    <p class='ocr_par' dir='ltr' id='par_1_22' title="bbox 1349 3793 2414 4323">
     <span class='ocr_line' id='line_1_63' title="bbox 1414 3793 2411 3862; baseline -0.008 -11"><span class='ocrx_word' id='word_1_380' title='bbox 1414 3795 1632 3850; x_wconf 59' lang='lat' dir='ltr'><strong>Piscina?</strong></span> <span class='ocrx_word' id='word_1_381' title='bbox 1663 3797 1883 3862; x_wconf 63' lang='lat' dir='ltr'><strong>publices]</strong></span> <span class='ocrx_word' id='word_1_382' title='bbox 1932 3793 2162 3843; x_wconf 71' lang='lat' dir='ltr'><strong>Martini.</strong></span> <span class='ocrx_word' id='word_1_383' title='bbox 2208 3793 2411 3843; x_wconf 86' lang='lat' dir='ltr'><strong>‘Pisci-</strong></span> 
     </span>
     <span class='ocr_line' id='line_1_64' title="bbox 1349 3869 2411 3940; baseline -0.008 -13"><span class='ocrx_word' id='word_1_384' title='bbox 1349 3891 1465 3927; x_wconf 84' lang='lat' dir='ltr'><strong>nam</strong></span> <span class='ocrx_word' id='word_1_385' title='bbox 1502 3882 1650 3940; x_wconf 86' lang='lat' dir='ltr'><strong>peto,</strong></span> <span class='ocrx_word' id='word_1_386' title='bbox 1684 3872 1929 3921; x_wconf 83' lang='lat' dir='ltr'><strong>nonlicet</strong></span> <span class='ocrx_word' id='word_1_387' title='bbox 1952 3869 2170 3919; x_wconf 66' lang='lat' dir='ltr'><strong>natare!</strong></span> <span class='ocrx_word' id='word_1_388' title='bbox 2233 3870 2411 3920; x_wconf 84' lang='lat' dir='ltr'><strong>Verba</strong></span> 
     </span>
     <span class='ocr_line' id='line_1_65' title="bbox 1352 3946 2413 4012; baseline -0.009 -8"><span class='ocrx_word' id='word_1_389' title='bbox 1352 3952 1540 4004; x_wconf 86' lang='lat' dir='ltr'><strong>Lucilii</strong></span> <span class='ocrx_word' id='word_1_390' title='bbox 1567 3951 1641 4001; x_wconf 89' lang='lat' dir='ltr'><strong>sic</strong></span> <span class='ocrx_word' id='word_1_391' title='bbox 1665 3947 1873 4012; x_wconf 77' lang='lat' dir='ltr'><strong>legebat</strong></span> <span class='ocrx_word' id='word_1_392' title='bbox 1908 3946 2158 4011; x_wconf 75' lang='lat' dir='ltr'><strong>Scaliger.</strong></span> <span class='ocrx_word' id='word_1_393' title='bbox 2231 3947 2413 3997; x_wconf 68' lang='lat' dir='ltr'><strong>Obtusa</strong></span> 
     </span>
     <span class='ocr_line' id='line_1_66' title="bbox 1352 4024 2414 4094; baseline -0.009 -12"><span class='ocrx_word' id='word_1_394' title='bbox 1352 4047 1452 4094; x_wconf 81' lang='lat' dir='ltr'><strong>ore,</strong></span> <span class='ocrx_word' id='word_1_395' title='bbox 1489 4028 1643 4093; x_wconf 71' lang='lat' dir='ltr'><strong>pugil,</strong></span> <span class='ocrx_word' id='word_1_396' title='bbox 1683 4025 1974 4089; x_wconf 70' lang='lat' dir='ltr'><strong>piscinensis,</strong></span> <span class='ocrx_word' id='word_1_397' title='bbox 2013 4038 2157 4073; x_wconf 81' lang='lat' dir='ltr'><strong>reses.</strong></span> <span class='ocrx_word' id='word_1_398' title='bbox 2222 4024 2293 4073; x_wconf 88' lang='lat' dir='ltr'><strong>Et</strong></span> <span class='ocrx_word' id='word_1_399' title='bbox 2338 4024 2414 4073; x_wconf 81' lang='lat' dir='ltr'><strong>ita</strong></span> 
     </span>
     <span class='ocr_line' id='line_1_67' title="bbox 1350 4099 2411 4163; baseline -0.009 -6"><span class='ocrx_word' id='word_1_400' title='bbox 1350 4105 1588 4158; x_wconf 79' lang='lat' dir='ltr'><strong>Scbedae.</strong></span> <span class='ocrx_word' id='word_1_401' title='bbox 1619 4100 1884 4151; x_wconf 83' lang='lat' dir='ltr'><strong>Turnebus</strong></span> <span class='ocrx_word' id='word_1_402' title='bbox 1907 4114 2031 4149; x_wconf 83' lang='lat' dir='ltr'><strong>vero</strong></span> <span class='ocrx_word' id='word_1_403' title='bbox 2055 4099 2146 4148; x_wconf 82' lang='lat' dir='ltr'><strong>lib.</strong></span> <span class='ocrx_word' id='word_1_404' title='bbox 2162 4113 2276 4149; x_wconf 74' lang='lat' dir='ltr'><strong>xvi.</strong></span> <span class='ocrx_word' id='word_1_405' title='bbox 2296 4114 2411 4163; x_wconf 77' lang='lat' dir='ltr'><strong>cap.</strong></span> 
     </span>
     <span class='ocr_line' id='line_1_68' title="bbox 1352 4175 2411 4241; baseline -0.017 -7"><span class='ocrx_word' id='word_1_406' title='bbox 1352 4187 1438 4234; x_wconf 76' lang='lat'><strong>22.</strong></span> <span class='ocrx_word' id='word_1_407' title='bbox 1498 4180 1682 4228; x_wconf 71' lang='lat' dir='ltr'><strong>Obtusa</strong></span> <span class='ocrx_word' id='word_1_408' title='bbox 1704 4192 1782 4226; x_wconf 85' lang='lat' dir='ltr'><strong>ore</strong></span> <span class='ocrx_word' id='word_1_409' title='bbox 1801 4176 1938 4241; x_wconf 76' lang='lat' dir='ltr'><strong>pugil</strong></span> <span class='ocrx_word' id='word_1_410' title='bbox 1955 4175 2318 4241; x_wconf 72' lang='lat' dir='ltr'><strong>piscinensisque</strong></span> <span class='ocrx_word' id='word_1_411' title='bbox 2339 4189 2411 4225; x_wconf 69' lang='lat' dir='ltr'><strong>re.</strong></span> 
     </span>
     <span class='ocr_line' id='line_1_69' title="bbox 1352 4255 1691 4323; baseline -0.015 -14"><span class='ocrx_word' id='word_1_412' title='bbox 1352 4272 1529 4323; x_wconf 71' lang='lat' dir='ltr'><strong>sesque.</strong></span> <span class='ocrx_word' id='word_1_413' title='bbox 1564 4255 1691 4305; x_wconf 76' lang='lat' dir='ltr'><strong>Dec.</strong></span> 
     </span>
    </p>
   </div>
  </div>
 </body>
</html>
