3020 4853
1177 355 1345 416 Qum
1398 354 1731 406 uxum.
2451 319 2560 410 '21-

367 507 522 573 dam
568 505 762 572 nucis
793 502 1150 590 juglandis,
1199 524 1398 588 quam
1445 503 1721 571 Verrius
1751 504 2136 591 juglandam
2162 513 2376 585 vocat,
2406 526 2546 573 me-

366 609 570 689 dium,
595 610 786 676 velut
813 608 1383 694 dissepimentum,
1412 612 1531 675 Sne.

449 713 731 793 Occare,
758 721 827 779 et
856 720 1232 780 occatorem
1261 710 1539 779 Verrius
1568 720 1766 798 putat
1792 712 2043 779 dictum
2074 715 2160 779 ab
2202 715 2548 781 occaeden·

364 819 479 899 do,
507 818 688 903 quod
719 818 940 885 caedat
988 818 1252 903 grandis
1300 819 1540 901 globos
1577 824 1803 885 terrm:
1849 838 1999 884 cum
2035 817 2273 885 Cicero
2300 838 2514 885 venus

362 924 617 990 tissime
647 922 831 989 dicat
859 923 945 987 ab
971 921 1377 989 occaecando
1403 921 1624 1005 fruges
1645 929 1853 988 satas.

449 1024 701 1093 Orcum
743 1045 943 1111 quem
987 1027 1296 1107 dicimus,
1342 1027 1441 1093 ait
1480 1025 1762 1093 Verrius
1792 1028 1882 1093 ab
1927 1024 2248 1114 Antiquis
2292 1028 2546 1096 dictum

362 1151 659 1215 magum,
689 1134 810 1197 διο.
841 1131 959 1197 sed
990 1132 1152 1199 nihil
1181 1131 1364 1198 affert
1391 1133 1870 1217 exemplorum,
1907 1134 2032 1198 stc.
2361 1160 2364 1163 ·

449 1234 698 1314 Oscos,
725 1255 898 1322 quos
941 1235 1252 1317 dicimus,
1300 1238 1398 1303 ait
1444 1235 1731 1303 Verrius
1771 1234 2041 1322 Opscos
2090 1242 2283 1302 antea
2328 1238 2545 1306 dictos

361 1346 532 1407 toste
565 1341 804 1420 EnniO,
833 1361 989 1408 cum
1017 1339 1242 1408 dicat:
1291 1346 1312 1377 ‘
1333 1340 1441 1407 De
1466 1340 1672 1406 muris
1692 1360 1799 1405 res
1821 1341 1989 1423 gerit
2011 1339 2318 1425 Opscus.’
2406 1342 2549 1408 Ad-

353 1446 510 1531 jicit
555 1448 779 1527 etiam,
824 1447 1002 1532 quod
1050 1452 1280 1532 stupra
1319 1445 1733 1512 inconcessae
1777 1444 2076 1510 libidinis
2117 1445 2416 1512 obscena
2447 1446 2549 1512 di·

364 1556 597 1615 cantur
624 1552 710 1617 ab
753 1550 902 1637 ejus
941 1551 1158 1636 gentis
1189 1549 1674 1618 consuetudine
1704 1550 1992 1617 inducta.
2086 1547 2292 1629 Quod
2322 1564 2558 1616 verum

362 1673 514 1719 esse
542 1674 674 1722 non
702 1656 874 1721 satis
904 1656 1221 1738 adducor,
1249 1661 1373 1723 &c-

449 1759 707 1825 Pedum
754 1767 863 1827 est
908 1762 1174 1847 quidem
1225 1761 1540 1828 baculum
1590 1762 1958 1841 incurvum,
1996 1764 2118 1825 διο.
2207 1758 2391 1823 Sed
2372 1777 2547 1825 meo

360 1881 583 1943 versu,
609 1865 720 1948 qni
754 1865 906 1931 est
886 1885 952 1930 1n
982 1866 1329 1951 Iphigenia
1358 1867 1576 1945 Ennii,
1609 1864 1930 1944 Procede,
1963 1862 2232 1948 gradum
2256 1860 2547 1948 proferre

359 1967 634 2050 pedum,
665 1969 911 2035 nitere:
962 1972 1238 2036 cessas?
1290 1971 1359 2036 id
1411 1972 1636 2055 ipsum
1672 1967 1971 2053 jaculum
2010 1966 2370 2051 significari
2397 1984 2549 2031 cum

359 2071 453 2136 ait
477 2069 783 2151 VerriuS,
815 2074 1038 2138 mirari
1064 2075 1231 2142 satis
1259 2095 1388 2141 non
1418 2093 1719 2162 possum,
1746 2077 1871 2139 διο.

447 2174 918 2243 Percunctatio
956 2195 1079 2263 pro
1108 2179 1618 2263 interrogatione
1659 2177 1841 2242 dicta
1868 2175 2133 2241 videtur
2161 2193 2247 2240 ex
2274 2170 2551 2239 nautico

360 2300 510 2359 usu,
536 2284 655 2346 &c-
716 2281 803 2345 ob
863 2300 1066 2365 quam
1106 2302 1379 2348 causam
1437 2282 1536 2347 ait
1588 2280 1865 2345 Verrius
1923 2281 2126 2343 etiam
2183 2276 2551 2342 secundam

359 2385 688 2471 syllabam
748 2404 866 2470 per
922 2385 982 2451 Ο
1040 2387 1256 2454 solere
1298 2385 1529 2453 scribi.
1619 2383 1792 2451 Mihi
1844 2383 1912 2450 id
1957 2382 2202 2448 salsum
2259 2379 2550 2457 videtur,

445 2596 636 2662 Piari
681 2616 828 2676 eos,
872 2597 1074 2663 veluti
1122 2596 1389 2683 proprio
1434 2594 1638 2661 verbo
1682 2593 1784 2659 ait
1809 2591 2115 2669 Verrius,
2160 2588 2279 2675 qui
2323 2605 2554 2672 parum

362 2703 498 2767 sint
519 2701 814 2781 animati,
843 2703 963 2766 διο.

449 2801 684 2872 Pictor
705 2805 949 2872 Zeusis
979 2805 1114 2871 risu
1144 2812 1470 2884 mortuns,
1500 2802 1657 2868 dum
1688 2801 1858 2867 ridet
1886 2797 2094 2864 effuse
2122 2796 2375 2880 pictam
2407 2812 2451 2859 a
2480 2813 2554 2857 se

363 2930 565 2977 anum
607 2914 809 2998 γραῦν.
896 2908 1036 2975 Cur
1082 2908 1213 2975 hoc
1254 2909 1406 2974 loco
1452 2907 1726 2973 relatum
1775 2906 1864 2971 sit
1913 2922 1956 2969 a
1992 2901 2254 2978 Verrio,
2287 2916 2440 2963 cum
2471 2895 2557 2960 de

365 3014 740 3100 significatu
791 3016 1144 3080 verborum
1188 3014 1472 3080 scribere
1518 3011 1940 3097 propositum
1992 3001 2323 3079 habuerit,
2371 2998 2558 3082 equi-

364 3119 511 3185 dem
541 3139 678 3185 non
707 3118 926 3198 video,
948 3121 1067 3184 διο.

449 3222 721 3289 Praedia
751 3242 976 3288 rursus
1005 3221 1284 3288 Verrius
1314 3219 1540 3290 vocari
1584 3219 1682 3288 ait
1724 3236 1806 3282 ea
1846 3212 2167 3287 remedia,
2209 3227 2362 3294 quae
2395 3207 2560 3272 data

368 3326 673 3408 Caecilia,
702 3329 823 3393 διο.
854 3345 941 3393 ea
966 3327 1199 3392 vocari
1229 3325 1349 3406 ait,
1381 3324 1561 3410 quod
1590 3323 1771 3388 mala
1800 3318 2212 3405 prohibeant.

451 3432 932 3516 Praerogativae
961 3432 1277 3497 centuriae
1307 3428 1632 3507 dicuntur,
1654 3430 1773 3492 διο.
1847 3422 2126 3489 Verrius
2146 3414 2560 3505 probabilius

355 3536 626 3622 judicat
651 3531 819 3613 esse,
837 3548 915 3601 ut
942 3554 1093 3602 cum
1121 3540 1352 3601 essent
1379 3531 1715 3616 designati
1744 3550 1785 3595 a
1813 3522 2294 3620 praerogativis,
2326 3521 2393 3584 in
2426 3535 2562 3584 ser-

367 3661 627 3708 monem
657 3660 762 3706 res
789 3641 1066 3713 veniret,
1094 3641 1215 3705 stc.

454 3742 845 3823 Profanurn,
892 3744 1073 3828 quod
1111 3762 1245 3808 non
1291 3746 1391 3807 est
1417 3741 1667 3816 fanum,
1711 3737 1833 3802 διο.
1864 3742 1939 3799 ut
1963 3731 2271 3806 Verrius,
2296 3729 2416 3793 stc.
2451 3740 2566 3787 cu-

358 3850 479 3936 jus
531 3850 916 3934 opinionem
962 3867 1183 3934 neque
1231 3847 1298 3912 in
1344 3846 1497 3924 hoc,
1550 3861 1763 3927 neque
1807 3840 1874 3903 in
1917 3836 2074 3901 aliis
2110 3827 2566 3915 compluribus

368 3955 658 4022 refutare
690 3953 960 4018 minime
1003 3971 1278 4018 necesse
1323 3957 1470 4016 est·
1517 3967 1670 4013 cum
1709 3941 2134 4030 propositum
2160 3936 2444 4001 habeam
2475 3950 2566 3996 ex

369 4065 558 4127 tanto
607 4058 930 4124 librorum
983 4057 1128 4145 ejus
1185 4074 1455 4121 numero
1507 4053 1940 4117 intermortua
1988 4044 2131 4130 jam
2181 4049 2254 4105 et
2303 4037 2569 4121 sepulta

333 4229 337 4233 ,
370 4165 598 4244 verba,
644 4173 851 4248 atque
876 4161 1033 4244 ipso
1062 4180 1246 4246 saepe
1276 4157 1682 4225 confitenten
1725 4151 1932 4218 ullius
1974 4164 2136 4212 usus
2167 4149 2374 4226 atque
2407 4158 2569 4206 auc·

371 4266 679 4344 totitatis,
710 4265 1091 4350 praeterire:
1138 4264 1498 4347 etreliqua
1519 4276 1723 4345 quam
1750 4251 2144 4321 brevissime
2173 4245 2521 4329 redigere
2503 4264 2568 4308 rn

370 4372 583 4440 libros
616 4367 976 4437 admodum
1006 4389 1288 4454 paucos,
1380 4366 1483 4432 Ea
1514 4370 1754 4442 autem,
1782 4360 1863 4428 de
1888 4357 2133 4443 quibus
2152 4348 2479 4417 dlsssflntlo
2505 4353 2574 4411 θῐ
