3020 4853
511 390 597 455 84

1178 388 1400 453 sssxri
1452 402 1762 453 roman
1812 401 2016 452 rns‘ri

513 552 764 638 Apud?
807 556 1098 617 mutuam
1143 549 1279 616 loci
1324 556 1389 616 et
1414 569 1720 635 personae
1760 547 2282 634 conjunctionem
2317 546 2684 631 significati

597 666 672 721 ut
703 677 852 722 cum
879 656 1200 722 dicimus:
1237 655 1449 721 Coeno
1478 654 1658 738 apud
1693 656 2000 719 amicum.
2084 652 2290 736 Apud
2318 658 2386 716 et
2418 651 2636 716 Penes
2657 658 2682 695 ¹¹

596 762 662 825 iu
698 761 822 827 hoc
853 759 1189 826 differunt:
1234 759 1413 844 quod
1446 760 1725 824 alterum
1759 776 2114 842 personam
2147 776 2297 821 cum
2344 755 2501 820 loco
2548 755 2684 836 sig-

592 863 854 928 nificat:
903 863 1182 928 alterum
1228 882 1604 946 personam,
1639 868 1704 927 et
1732 860 2124 939 dominium,
2154 880 2234 926 ac
2264 863 2681 944 potestatem,

595 967 779 1051 quod
809 966 1083 1031 trahitur
1103 986 1145 1032 a
1175 966 1469 1051 penituS.

508 1067 749 1154 Aqua‘
777 1068 1040 1147 dicitur,
1064 1090 1107 1134 a
1132 1088 1266 1154 qua
1287 1068 1687 1154 juvamur.¹⁷
1774 1066 1977 1151 Aqua
2016 1072 2084 1132 et
2124 1066 2337 1150 ignis⁸
2379 1061 2678 1129 interdici

592 1170 762 1236 solet
796 1170 1164 1237 damnatis:
1209 1192 1412 1256 quam
1459 1171 1802 1255 accipiunt
1842 1178 2106 1254 nuptae:
2152 1168 2489 1244 videlicet,
2520 1168 2679 1253 quia

589 1272 697 1337 hae
730 1273 881 1339 duae
908 1294 1011 1339 res
1041 1275 1395 1341 humanam
1429 1278 1632 1341 vitam
1662 1276 1950 1341 maxime
1983 1274 2346 1340 continent.
2436 1272 2675 1356 Itaque

593 1376 796 1443 funus
822 1379 1156 1462 prosecuti
1186 1379 1531 1446 redeuntes
1555 1382 1770 1462 ignem
1798 1377 2473 1463 supergrediebantur
2503 1395 2676 1461 aqua

588 1482 841 1566 aspersi
874 1501 891 1544 ε
934 1482 1113 1568 quod
1141 1486 1553 1569 purgationis
1581 1503 1786 1567 genus
1815 1485 2153 1549 vocabant
2180 1480 2603 1547 suffitionem.

500 1580 988 1669 Aquaelicium‘
1019 1586 1281 1664 dicitur,
1315 1606 1466 1652 cum
1490 1607 1663 1671 aqua
1699 1586 2018 1671 pluvialis
2049 1586 2360 1651 remediis
2400 1584 2669 1668 quibus·

587 1686 743 1751 dam
785 1688 1070 1753 elicitur:
1118 1694 1188 1753 ut
1216 1689 1578 1774 quondam,
1609 1691 1667 1753 si
1698 1689 2004 1767 creditur,
2037 1688 2287 1753 manali
2332 1686 2560 1770 lapide
2603 1686 2667 1748 in

584 1791 813 1854 urbem
844 1790 1065 1857 ducto.

1413 1970 1764 1993 eumeceee

562 2092 623 2138 17
659 2088 760 2139 Alii
782 2090 1021 2141 vivamus.-
1056 2099 1109 2142 et
1130 2106 1247 2143 mox
1270 2092 1473 2158 quidam
1498 2091 1782 2156 conjiciunt
1803 2107 1905 2156 «με
1926 2094 2178 2157 accipiunt.

1484 2266 1698 2318 NOTAE

491 2384 698 2440 vocant,
721 2380 964 2445 quoniam
996 2381 1037 2434 is
1074 2384 1350 2449 pisciculus
1372 2399 1402 2436 e
1426 2384 1538 2450 plu·

487 2455 574 2505 via
594 2457 856 2509 nascitur!
924 2457 1163 2514 Memini}
1192 2463 1459 2529 Aristopli.
1483 2464 1538 2514 in

487 2532 666 2596 Equit.
698 2535 945 2586 Ostha?
966 2537 1117 2603 ἀφύας
1137 2538 1258 2591 εἶδον
1274 2539 1539 2605 ἀξιῶ-(ρας,

483 2608 499 2635 ⁸
528 2609 818 2676 Numquam
843 2630 1001 2678 apuu
1032 2619 1136 2668 vidi
1174 2619 1536 2683 pretiosiores!

485 2683 590 2733 Ubi
612 2686 781 2737 Schol.
812 2691 827 2716 ⁸
842 2689 994 2753 Apua
1010 2693 1283 2756 pisciculus
1307 2697 1536 2745 minutis-

483 2759 657 2821 simus,
677 2765 762 2828 qui
785 2779 848 2814 ex
867 2766 989 2816 limo
1012 2770 1303 2820 concrescit
1323 2778 1377 2818 et
1395 2772 1543 2828 vivit,

486 2846 687 2890 natura
726 2842 996 2905 miraculo,
1032 2845 1218 2895 nullius
1261 2846 1366 2895 cibi
1407 2846 1540 2896 indi·

484 2929 631 2977 gens,
649 2917 740 2967 sed
760 2920 892 2969 alter
913 2921 1133 2972 alterum
1157 2923 1397 2988 lingendo
1420 2938 1538 2987 pas·

484 2991 652 3042 citur!
684 2994 812 3045 Duc.

547 3077 573 3110 Ρ
606 3070 775 3136 Apud]
812 3073 950 3122 Vide
982 3075 999 3103 ‘
1026 3075 1127 3127 ad.'
1162 3077 1311 3127 Idem.

545 3152 571 3187 (Ι
605 3147 746 3209 Apud
777 3153 826 3198 et
864 3151 1028 3214 penes]
1067 3152 1129 3201 In
1164 3167 1229 3202 eo
1270 3151 1535 3214 differunt,

480 3222 616 3287 quod
659 3227 784 3287 apud
819 3226 1107 3278 custodiam
1150 3236 1365 3288 tantum,
1394 3247 1534 3296 pem

478 3313 603 3350 vero
621 3301 901 3354 dominium
926 3307 1347 3371 comprehendat,
1370 3317 1423 3358 et
1441 3324 1530 3374 pe·

477 3389 570 3425 nes
614 3390 672 3426 se
717 3392 823 3428 rem
857 3380 1011 3431 habet
1047 3383 1135 3447 qui
1175 3398 1286 3433 eam
1324 3387 1531 3437 omnino

477 3453 730 3516 possidet,
751 3463 810 3505 ut
844 3456 1111 3510 Dominus.
1182 3460 1334 3525 Apud
1361 3477 1416 3512 se
1437 3464 1526 3513 lia·

475 3528 568 3579 bct
608 3532 696 3595 qui
730 3547 843 3584 eam
882 3544 939 3586 ut
976 3534 1321 3601 depositarius
1361 3548 1525 3592 tenet.

476 3604 684 3668 Ulpian.
716 3615 731 3638 ‘
757 3610 926 3661 Penes
951 3621 1002 3664 te
1023 3615 1243 3678 amplius
1266 3622 1349 3666 est
1371 3632 1525 3681 quam

474 3683 612 3746 apud
658 3693 729 3737 te.
817 3689 951 3739 Nam
995 3681 1131 3754 apud
1178 3700 1228 3742 te
1267 3701 1349 3743 est
1387 3693 1525 3757 quod

472 3760 697 3822 qualiter
727 3769 782 3813 at
814 3779 844 3815 e
879 3774 1106 3833 tenetur,
1146 3783 1303 3833 penes
1336 3778 1387 3820 te
1423 3778 1525 3833 cst,

470 3836 606 3899 quod
631 3839 847 3903 quodam
871 3844 1021 3895 modo
1046 3846 1372 3910 possidetur:
1420 3848 1522 3897 Ve-

468 3926 577 3963 rum
633 3917 772 3980 apud
831 3920 1233 3973 Jurisconsultos
1288 3930 1344 3974 et
1393 3925 1523 3975 alios

469 3997 709 4114 auctores
762 3996 1063 4063 plerumque
1120 3997 1518 4053 confunduntur.

531 4081 620 4117 em.

530 4149 550 4174 ‘
580 4144 744 4210 Aqua]
780 4146 945 4197 Varro
975 4149 1140 4199 minus
1171 4151 1326 4203 diii-e:
1365 4155 1518 4220 Aqua

468 4221 606 4284 quod
637 4238 787 4288 aequa
819 4239 1042 4276 summa:
1080 4241 1369 4295 quanquam
1394 4247 1516 4282 neu·

465 4304 601 4349 trum
627 4300 810 4364 implet
836 4315 987 4351 aures
1022 4318 1179 4356 meas.
1250 4309 1329 4357 De
1367 4323 1517 4372 aqua,

1620 2391 1675 2434 et
1707 2382 1833 2447 igni,
1867 2397 1982 2449 quae
2019 2381 2281 2446 accipiunt
2316 2388 2509 2446 nuptae,
2533 2379 2663 2431 idem

1620 2463 1784 2512 Varro
1838 2459 2089 2510 videndus
2141 2460 2272 2509 libro
2304 2473 2385 2510 ιν.
2437 2467 2491 2509 et
2543 2459 2664 2509 Plu·

1620 2539 1782 2590 tarcli.
1807 2539 1859 2587 in
1882 2538 2144 2588 Problem.
2168 2544 2224 2587 et
2245 2535 2380 2587 infra
2409 2543 2423 2565 ⁸
2445 2535 2664 2588 Facem!

1617 2617 1737 2667 Ant.
1762 2615 1898 2678 Aug.

1680 2694 1846 2757 Aqua]
1880 2692 2105 2743 Videtur
2126 2692 2208 2742 hic
2232 2691 2372 2742 locus
2397 2691 2472 2740 ita
2493 2691 2665 2754 legen·

1616 2769 1712 2819 dns
1742 2770 1932 2833 :Aqua
1953 2776 1999 2819 et
2030 2770 2136 2831 igni
2165 2775 2264 2819 tan
2294 2767 2517 2817 interdici
2547 2769 2661 2815 solet

1614 2848 1870 2911 damnatis,
1922 2863 2062 2911 qaam
2124 2847 2418 2911 accipiam·
2486 2851 2662 2909 nupta.

1611 2924 1846 2975 Scaevola
1867 2925 1917 2974 in
1941 2926 1999 2976 L.
2020 2927 2155 2978 Seia.
2202 2927 2274 2976 D.
2297 2925 2564 2973 deffdonat.
2587 2924 2659 2972 in·

1612 3007 1695 3050 ter
1715 3001 1879 3050 vivos:
1916 3001 1933 3029 ‘
1959 3002 2180 3054 Quidam
2213 3001 2396 3065 virgini
2422 3000 2507 3050 die
2532 3014 2660 3063 nup·

1611 3077 1820 3139 tiarum,
1855 3079 2148 3144 priusquam
2171 3080 2234 3128 ad
2259 3094 2373 3128 eum
2400 3078 2664 3139 transiret,

1610 3162 1665 3204 et
1691 3155 1829 3220 prius
1854 3170 2004 3220 quam
2030 3170 2160 3221 aqua
2182 3163 2240 3205 et
2271 3155 2373 3220 igni
2398 3156 2658 3219 accipere·

1611 3241 1717 3296 tur,
1740 3233 1791 3281 id
1809 3241 1909 3292 est,
1932 3233 2127 3296 nuptiae
2149 3232 2556 3292 celebrarentur,
2572 3231 2658 3281 ob·

1607 3311 1727 3360 tulit
1749 3309 1927 3360 decem
1952 3324 2136 3360 aureos
2159 3307 2326 3359 dono)
2362 3310 2470 3360 Ful.
2496 3309 2657 3359 Ursini.

1672 3389 1811 3451 Aqua
1840 3387 2040 3453 dicitur]
2076 3389 2287 3453 Optime
2310 3388 2557 3439 Caninius
2592 3387 2656 3437 ab

1607 3464 1639 3515 ἃ
1659 3463 1776 3529 χόα,
1798 3481 1830 3515 ιι
1852 3464 2073 3518 fusione.
2144 3467 2278 3516 Nam
2314 3480 2456 3531 soepe
2480 3466 2655 3516 Latini

1607 3547 1875 3597 articulum
1911 3547 2200 3598 nominibus
2223 3547 2470 3613 jungunt.
2502 3548 2625 3599 Dec.
2741 3547 2746 3558 ‘

1669 3630 1689 3656 ⁸
1704 3624 1843 3688 Aqua
1858 3629 1904 3674 et
1919 3622 2078 3686 ignis]
2099 3625 2277 3676 Fulvio
2296 3625 2485 3675 Ursino
2506 3626 2654 3676 unice

1605 3699 1885 3757 adsentior,
1909 3702 1995 3766 qui
2029 3702 2176 3766 legit,
2204 3702 2343 3766 Aqua
2363 3708 2412 3752 et
2432 3703 2538 3764 igni
2558 3709 2654 3753 tam

1601 3778 1823 3828 interdici·
1853 3781 1969 3828 solet
1998 3780 2236 3830 mantis
2261 3796 2399 3844 quum
2417 3781 2653 3844 accipiun-

1602 3859 1685 3904 tur
1717 3870 1850 3905 noca
1890 3862 2068 3920 napta.
2135 3858 2223 3907 De
2262 3865 2477 3923 utroque
2513 3872 2649 3908 more

1604 3929 1761 3981 Ovid.
1798 3945 1852 3982 v.
1888 3932 2025 3982 Fast.
2079 3932 2096 3959 ⁴
2121 3932 2275 3984 Quod
2314 3933 2364 3982 in
2407 3933 2485 3982 his
2525 3935 2646 3983 vitae

1601 4021 1758 4056 causa
1777 4017 1901 4070 aest,
1943 4008 2054 4058 hoec
2096 4007 2324 4071 perdidit
2367 4010 2509 4072 exul,
2554 4009 2647 4060 His

1598 4097 1729 4132 nova
1752 4081 1813 4133 fit
1841 4084 2060 4149 conjux:
2095 4084 2207 4135 haec
2229 4084 2332 4135 duo
2354 4100 2535 4150 magna
2557 4102 2648 4152 pu·

1598 4159 1742 4209 tant!
1811 4160 1942 4208 Vide
1976 4168 1990 4190 ⁸
2014 4160 2216 4210 facem!
2252 4161 2401 4211 Idem.

1650 4238 1666 4269 ⁸
1691 4233 2023 4301 Aqaaeliciam]
2043 4236 2348 4287 Tei-tullian.
2361 4239 2376 4264 ‘
2391 4237 2640 4303 Aquilicia

1594 4310 1715 4362 Jovi
1749 4313 2051 4363 immolatis:
2088 4313 2420 4378 nudipedalia
2455 4315 2641 4379 populo
