3020 4853
503 365 601 412 DE
650 361 1064 413 VERBORUM
1115 361 1744 411 SIGN181GA'1'10NR
1796 360 1941 409 [AB.
1992 361 2156 410 xv1.

2284 345 2412 414 781

300 507 410 575 sed
432 508 542 574 ubi
573 510 847 595 primum
878 507 1054 579 ludos
1086 506 1330 595 focere‘
1353 514 1719 594 coeperunt,
1750 518 1896 572 tuno
1934 507 2114 573 asciti
2152 507 2414 593 artffices

215 680 228 689 ‚
301 613 384 677 ab
421 612 707 679 Etruscis
737 614 1126 680 civitatibus
1139 612 1444 699 suerunt.

305 721 419 801 qui
448 739 624 783 nunc
654 739 693 780 α
742 714 1042 781 Romanis
1073 714 1373 780 celebrari
1417 714 1633 794 solent,
1666 724 1822 780 sunt
1851 714 2162 781 instituti.

1540 610 1692 676 Sero
1722 622 1947 695 autem·
1973 610 2109 675 Iudi
2157 631 2414 690 omnes»,

2256 712 2417 783 Qui-

305 824 450 885 dam
485 821 719 905 primos
738 830 986 905 ponunt
1012 817 1372 898 Romanoa,
1406 819 1524 882 alii
1556 819 1743 882 aiunt
1774 814 2185 903 Megalenses,
2216 817 2419 897 idest,

307 924 526 988 matris
553 944 840 1004 maguae,
871 942 954 987 ac
983 921 1328 1006 popu-lares
1374 918 1613 985 Cereris
1633 929 1681 982 :⁰
1723 919 1841 984 alii
1869 921 2052 984 aiunt
2080 923 2147 986 iu
2184 922 2416 986 confe-

306 1028 535 1117 rendis
555 1025 725 1111 equis
755 1023 1011 1110 Trqjam
1042 1024 1320 1091 lusitasse
1338 1046 1577 1111 pueros
1609 1024 1974 1105 Romame,
1998 1026 2137 1104 alii,
2168 1024 2422 1089 institu-

308 1142 463 1219 tum,
487 1141 556 1193 ut
589 1128 870 1193 luderent
902 1129 1296 1212 equitaudO,
1321 1130 1534 1212 jactu,
1564 1127 1755 1208 saltu,
1799 1126 2211 1215 cursu‚festis
2241 1130 2421 1213 pari-

307 1235 511 1310 libus»,
541 1234 951 1316 paribusque
996 1232 1200 1296 etiam
1237 1243 1301 1295 ut
1341 1229 1629 1297 Ludicrae
1670 1230 2030 1295 certationes
2061 1253 2100 1295 a
2131 1232 2425 1297 ludenti-

310 1340 437 1402 bus
468 1336 718 1400 fierent.

221 1441 547 1506 Romulia
568 1450 592 1489 Ρ
644 1441 858 1503 tribus
887 1438 1093 1514 dicta,
1125 1437 1306 1524 quod
1356 1457 1444 1502 ex
1474 1457 1557 1502 eo
1586 1456 1743 1518 agro
1782 1438 2101 1504 censeba-
2143 1438 2418 1523 [Psun.

312 1552 438 1615 tur,
469 1562 662 1628 quem
695 1541 1032 1607 Romulus
1063 1549 1342 1626 ceperat
1373 1560 1463 1604 ex
1494 1539 1922 1605 Veientibus.

1212 1759 1432 1810 NOTAE

217 1883 424 1938 ponunt
464 1873 653 1937 primos
691 1874 838 1924 ludos
881 1874 1155 1936 Romanos,
1195 1876 1283 1925 alii

218 1951 370 1999 aiunt
398 1950 723 2013 Megalenses
756 1951 943 2000 Matris
973 1952 1199 2014 Magna»,
1222 1966 1283 2001 ae

220 2028 506 2090 populares
520 2026 724 2076 Cereris
742 2045 755 2077 :
773 2028 877 2084 alii,
892 2030 941 2076 iu
957 2028 1285 2078 conferendis

217 2107 371 2171 equis
393 2106 604 2170 Trojam
630 2106 865 2156 lusitasse
891 2122 1075 2170 pueros
1101 2107 1287 2156 Roma-

218 2197 348 2231 nos:
374 2182 668 2242 alii‚solitos
687 2184 919 2233 exerceri
944 2199 1031 2232 eos
1054 2185 1286 2247 equitan-

218 2260 313 2316 do,
331 2259 499 2323 jactu,
521 2262 671 2316 saltu,
693 2260 840 2310 festis
866 2261 1137 2310 Parilibus.
1188 2261 1288 2309 Pa·

213 2336 504 2400 rilibusque
544 2337 701 2409 etiam
739 2337 1050 2400 institutum,
1080 2344 1136 2386 ut
1160 2351 1190 2385 a
1214 2338 1289 2387 lu·

212 2413 474 2466 dentibus
521 2413 725 2464 fierent.
808 2414 1096 2479 Populares
1141 2414 1288 2466 ludos

211 2489 504 2541 manifesto
533 2491 666 2540 dixit
688 2506 779 2554 pro
804 2493 1033 2554 plebeiae
1067 2501 1124 2543 ut
1148 2507 1288 2556 saepe

215 2569 452 2634 populns
477 2584 569 2631 pro
594 2569 746 2632 plebe
771 2569 983 2619 dicitur.
1021 2570 1133 2620 Jos.
1157 2570 1286 2619 Scal.

294 2644 504 2695 Romani
535 2646 776 2710 videnlur]
816 2645 1026 2709 Optime
1060 2647 1132 2696 ait
1165 2647 1288 2696 Fes-

216 2734 317 2775 tus
332 2724 601 2785 noun-nos,
625 2738 739 2771 cum
761 2723 906 2772 ludos
923 2721 1095 2774 facere
1114 2739 1288 2787 coepe·

215 2807 373 2861 nint,
396 2799 618 2850 artifices
665 2799 906 2848 ascivisse
946 2814 1013 2849 ex
1058 2801 1288 2850 Etruria.

216 2879 345 2930 Liv.
383 2876 470 2926 lib.
491 2891 530 2927 1.
568 2885 699 2927 sect.
721 2881 802 2926 35.
838 2877 1150 2927 ‘Ludicrum
1190 2875 1289 2927 fuit

215 2955 372 3019 equi,
411 2954 710 3018 pugilesque
749 2968 813 3001 ex
836 2954 1044 3003 Etruria
1067 2955 1288 3003 maxime

213 3032 416 3084 acciti.'
481 3031 562 3080 De
605 3031 738 3080 ludis
779 3031 1021 3080 Romanis
1060 3031 1290 3095 loquitur

217 3123 360 3172 quos
383 3108 574 3172 primos
600 3107 756 3156 facit:
782 3114 836 3155 et
859 3121 1032 3156 verum
1055 3114 1290 3167 est‚cum

217 3185 565 3247 Megalenses
600 3193 655 3233 et
690 3183 931 3233 Cereales
965 3192 1081 3246 post
1106 3185 1292 3233 multos

218 3275 394 3311 annos
416 3260 465 3309 iu
493 3262 623 3324 Rep.
651 3260 874 3309 instituti
895 3257 1109 3309 fuerint.
1158 3259 1292 3310 Con·

218 3339 396 3389 sualia
424 3339 577 3392 enim,
600 3344 653 3386 et
669 3336 849 3399 Troja,
862 3342 916 3384 et
934 3335 976 3385 si
1001 3336 1089 3400 qui
1107 3336 1191 3383 alii
1216 3337 1292 3385 lu-

218 3416 310 3477 di,
329 3415 440 3465 sive
453 3415 761 3464 certationes
785 3413 1016 3475 ludicrae,
1034 3415 1143 3462 sine
1168 3414 1292 3462 arti·

217 3492 330 3542 fiee
367 3492 763 3555 peragebantur.
833 3489 917 3539 De
954 3489 1128 3554 Trojae
1169 3488 1292 3538 ludo

221 3569 353 3619 vide
379 3569 523 3632 Virg.
549 3569 638 3618 lib.
665 3583 715 3619 v.
753 3569 878 3618 Duc.

297 3654 321 3678 ⁰
353 3647 668 3709 Megalenses.
701 3647 752 3695 ia
786 3653 876 3701 est,
899 3645 1070 3693 nutris
1091 3659 1289 3706 magna,

223 3743 286 3778 ac
303 3725 554 3789 poputum
578 3721 791 3785 Cereris]
849 3722 987 3772 Hinc
1012 3719 1175 3770 refelli
1205 3735 1290 3783 po-

226 3813 341 3856 test
360 3802 498 3867 qumi
521 3801 819 3864 quibusdam
841 3800 1001 3848 visum
1026 3805 1125 3859 est,
1145 3797 1292 3846 ludos

225 3882 566 3945 Megalenses
607 3893 706 3927 non
747 3877 900 3926 matri
937 3890 1154 3938 magnae,
1203 3875 1292 3926 sed

228 3959 440 4022 magnis
465 3957 581 4008 Diis
622 3969 799 4004 sacros
832 3969 964 4003 esse.
1031 3952 1295 4015 Megalesia

227 4050 359 4085 vero
406 4041 606 4083 tautum
652 4030 803 4102 matri
850 4045 1066 4092 magnae.
1151 4027 1297 4078 infra

226 4110 427 4177 aliquid
454 4108 639 4158 deesse
662 4106 886 4156 videtur.
952 4108 1097 4171 Lego
1119 4115 1171 4156 et
1192 4106 1294 4155 dis-

228 4193 451 4253 tinguo:
489 4187 551 4236 Id
570 4191 640 4234 est
664 4185 831 4233 matris
853 4199 1052 4245 magnae,
1075 4199 1130 4233 ac
1148 4199 1295 4248 popu.

226 4270 376 4330 lares.
429 4265 533 4315 Alii
559 4263 763 4312 Cereris.
834 4261 1017 4324 Neque
1043 4262 1174 4311 euim
1201 4262 1297 4311 Ce-

1350 1877 1534 1936 -reales
1560 1876 1667 1924 ludi
1710 1875 1981 1939 populares
2020 1874 2125 1924 dici
2166 1876 2431 1937 poteraut,

1366 1955 1457 2003 sed
1496 1954 1843 2016 Megalenses,
1878 1953 1931 2002 id
1959 1963 2060 2012 est,
2085 1952 2263 2000 matris
2285 1965 2430 2014 mag·

1367 2048 1470 2091 nm,
1503 2034 1590 2096 qui
1616 2047 1711 2096 pro
1736 2033 1928 2096 populo
1950 2030 2164 2089 fiebant,
2187 2029 2323 2079 unde
2349 2043 2428 2078 sa-

1369 2111 1616 2161 crificium
1639 2112 1833 2161 dictum
1857 2112 2087 2160 damiam.-
2112 2109 2145 2159 i.
2163 2110 2432 2171 Populea,-

1370 2195 1424 2237 et
1448 2190 1560 2252 ipsa
1578 2191 1695 2238 Dea
1712 2189 1908 2248 Damio,
1931 2187 2212 2250 popularis,
2234 2194 2287 2234 et
2312 2186 2428 2247 ejus

1371 2264 1614 2314 sacerdos
1633 2264 1934 2314 Damislrix.
1969 2263 2103 2313 Vide
2119 2265 2133 2289 ‘
2146 2260 2430 2313 Batulum-⁹

1374 2346 1524 2394 Idem.

1435 2429 1461 2462 1)
1496 2419 1743 2484 Βοηιιιὶία]
1791 2418 1929 2473 Quid
1970 2417 2268 2478 Terentius,
2305 2413 2428 2481 quid

1371 2500 1588 2548 Verrius
1643 2497 1969 2559 scripserint,
2028 2496 2280 2544 incertum
2336 2498 2431 2540 est.

1368 2576 1471 2626 Sed
1500 2575 1668 2622 Varro
1694 2575 1728 2622 1.
1754 2586 1832 2622 iv.
1853 2572 1919 2621 de
1942 2571 2096 2634 Ling.
2119 2571 2231 2619 Lat.
2252 2568 2430 2634 ‘quin-

1370 2651 1461 2714 ta,’
1494 2652 1691 2715 inquit,-
1712 2652 1727 2678 ‘
1748 2649 1927 2719 tribus.
1955 2648 2090 2713 quod
2125 2645 2220 2695 sub
2246 2645 2433 2705 Roma,

1372 2727 1629 2780 Romilia!
1699 2728 1831 2777 Hoec
1856 2736 1935 2776 est
1966 2725 2182 2776 fortasse
2198 2721 2432 2772 Terentii

1370 2806 1546 2870 opinio
1592 2821 1622 2855 a
1668 2806 1824 2854 Festo
1869 2806 2074 2863 relata;
2112 2802 2202 2850 illa
2234 2799 2433 2860 Verrii,

1370 2898 1522 2949 quam
1549 2882 1739 2931 Paulus
1763 2888 1974 2930 secutus
2000 2887 2095 2928 est.
2121 2878 2243 2927 Aac.
2266 2877 2399 2938 Aug.

1436 2958 1684 3023 Romulia]
1735 2956 1912 3007 Infra:
1953 2954 2223 3005 Romuliana
2254 2951 2433 3003 tribum

1367 3039 1649 3102 appellatam
1686 3035 1934 3084 Terentius
1967 3032 2153 3096 quidem
2182 3031 2334 3081 Varro
2361 3029 2437 3079 ait

1370 3132 1399 3164 a
1417 3115 1658 3173 'Romulo,
1690 3112 1859 3162 deinde
1891 3114 2125 3160 detortam
2155 3108 2360 3160 vocalem
2401 3120 2437 3154 ι

1372 3195 1421 3243 in
1459 3208 1486 3243 e
1522 3191 1760 3242 credibile.
1844 3190 2087 3239 Ceterum
2129 3199 2334 3236 causam
2375 3198 2434 3233 se

1372 3268 1622 3318 invenisse
1654 3268 1729 3317 ait
1752 3266 1985 3329 Verrius,
2018 3279 2112 3314 cur
2148 3279 2178 3313 a
2218 3261 2436 3312 Romulo

1374 3345 1519 3396 dicta
1561 3345 1664 3394 sit:
1702 3358 1905 3406 nempe=
1930 3342 2065 3405 quod
2104 3355 2170 3389 ex
2211 3352 2273 3386 eo
2311 3349 2434 3401 agro

1335 3451 1340 3456 ·
1375 3421 1710 3481 censebatur,
1743 3434 1892 3484 quem
1936 3417 2179 3466 Romulus
2218 3420 2436 3475 ceperat

1375 3514 1438 3549 ex
1456 3498 1779 3546 Veientibus.
1812 3494 1928 3544 Jam
1951 3490 2186 3552 agnoscis
2209 3490 2433 3551 spatium

1375 3572 1660 3622 desiderari
1685 3571 1735 3617 iu
1760 3565 2007 3617 extremis
2033 3565 2258 3628 reliquiis
2291 3563 2437 3613 Festi

1375 3649 1438 3697 ad
1463 3644 1719 3709 capienda
1741 3660 1825 3705 ea,
1845 3658 1958 3707 quoe
1974 3641 2041 3691 de
2061 3642 2291 3705 epitoma
2312 3655 2435 3702 sup-

1376 3724 1657 3788 plevimus:
1683 3721 1827 3769 vides
1846 3721 2004 3769 etiam
2035 3717 2435 3767 inconstantiam

1376 3799 1644 3859 Varronis,
1674 3799 1758 3863 qui
1784 3812 1919 3847 utine
1943 3812 1975 3846 a
2002 3797 2214 3845 Romulo
2237 3795 2434 3844 dictam

1377 3879 1469 3937 ait,
1492 3891 1643 3940 quam
1672 3877 1722 3923 in
1749 3874 1888 3923 libris
1914 3873 1979 3922 de
1998 3872 2179 3922 Latino
2199 3883 2436 3920 sermone

1377 3956 1441 4004 sb
1465 3969 1529 4002 eo
1553 3954 1867 4016 appellatam
1893 3952 2020 4015 vult,
2054 3948 2190 4017 quod
2216 3948 2312 3999 sub
2339 3949 2438 3998 Ro·

1378 4046 1460 4082 ma
1483 4027 1657 4078 fuerit.
1691 4030 1798 4077 Jos.
1824 4027 1951 4078 Scal-

1453 4107 1677 4156 Romslia
1724 4104 1878 4155 tribus
1919 4103 2071 4166 dictu]
2137 4101 2272 4153 Haec
2318 4107 2439 4152 sunt

1377 4184 1547 4234 Pauli.
1626 4183 2040 4254 Praetermissum
2082 4189 2254 4230 autem
2291 4179 2436 4228 Festi

1377 4259 1661 4324 exemplar,
1697 4259 1833 4324 quod
1869 4260 1944 4309 ita
1967 4258 2018 4308 iu
2042 4257 2256 4308 schedis
2280 4271 2440 4320 appa·
