3020 4853
600 296 696 345 1113
746 295 1163 346 vssmwlwn
1212 264 1845 346 stomrtcA'rloNss
1894 299 2041 347 [ΑΒ.
2093 297 2208 347 111.

2381 285 2511 351 1oe

313 439 486 521 Cum
520 447 852 524 potestate
880 440 1104 509 esse⁴²
1149 441 1495 510 dicebatur
1535 442 1621 509 de
1652 463 1760 520 eo,
1798 444 1917 528 qui
1950 463 1994 510 a
2021 444 2274 529 populo
2302 444 2510 511 alicui

400 546 671 629 negotio
696 546 1207 630 praeficiebatur.

310 646 606 713 Cuncti²¹
651 650 985 734 significat
1010 649 1282 736 quidem
1309 668 1560 727 omnen,
1589 649 1709 715 sed
1746 651 2091 736 conjuncti
2126 655 2195 717 et
2233 668 2507 734 cougre-

395 754 576 835 gati3
623 762 880 821 atvero
909 774 1145 821 omnes
1176 754 1376 820 etium
1406 756 1465 820 si
1493 754 1779 825 diversis
1809 754 1984 820 locis
2013 756 2163 821 sint.

312 855 768 936 Cuniculum,'‘
799 859 866 924 id
888 865 1014 939 est,
1031 860 1334 926 foramen
1354 858 1482 924 sub
1505 866 1679 924 terra
1708 858 2070 937 occultum,
2100 863 2221 923 aut
2251 859 2336 923 ab
2368 858 2506 925 ani·
2578 863 2592 878 '

391 961 581 1039 mali,
609 961 787 1047 quod
816 963 1031 1029 simile
1056 971 1164 1028 est
1189 964 1458 1048 lepori,³'
1501 963 1894 1048 appellatur,
1919 961 2103 1046 quod
2132 961 2504 1027 subterfos·

394 1084 477 1130 sa
512 1076 684 1132 terra
713 1066 917 1133 latere
947 1074 1052 1133 est
1083 1066 1356 1132 solitum
1381 1087 1400 1148 ;

1448 1072 1567 1132 aut
1600 1086 1643 1131 a
1662 1084 2023 1131 cuneorum
2054 1063 2503 1143 similitudine,

389 1171 510 1252 qui
540 1189 802 1236 omnem
833 1173 1178 1237 materiam
1210 1171 1457 1237 intrant
1481 1170 1835 1236 findentes.

279 1269 558 1337 ‘Cunire
579 1281 602 1307 ²
648 1279 753 1339 est
781 1281 1035 1339 stercus
1065 1276 1320 1339 facere:
1381 1273 1549 1338 unde
1572 1279 1637 1338 et
1663 1274 2022 1358 inquinare.

1226 1456 1589 1477 ‘eleeto-'eea‘

362 1545 393 1589 4
433 1537 519 1591 ΑΙ.
565 1542 693 1605 C.p.
727 1548 814 1592 est.

1301 1672 1515 1725 NOTAE

358 1791 374 1821 ¹
411 1794 535 1839 Cam
570 1795 805 1854 potestate
845 1790 968 1855 esse]
1024 1792 1156 1841 vide
1200 1807 1358 1857 supra

297 1875 310 1896 ¹
332 1867 457 1918 Cum
480 1867 736 1931 irnperio!
771 1869 920 1921 taem.

359 1953 381 1979 “
407 1943 612 2007 Can-cti]
644 1944 791 1994 Idem
827 1945 1019 1998 Ascon.
1057 1947 1110 1996 in
1139 1946 1355 1996 divinat.

292 2024 308 2048 ⁶
333 2021 519 2072 Cuncti
564 2023 712 2089 simul
746 2036 922 2072 omnes
946 2022 1089 2088 quasi
1113 2024 1357 2087 conjunc-

298 2100 374 2150 ti.’
432 2101 520 2153 Sic
562 2099 710 2165 Virss.
751 2114 789 2150 ι.
828 2099 942 2151 AEn.
976 2101 1197 2150 ‘Cuncti
1234 2115 1353 2150 nam

292 2175 439 2227 tectis
462 2176 683 2227 navibus
716 2176 900 2227 ibant.’
966 2177 1071 2228 Ubi
1107 2178 1317 2228 Servius
1342 2196 1356 2225 ε

293 2253 457 2304 ‘Sane
511 2255 694 2305 cuncti
750 2269 850 2304 non
907 2252 1043 2304 idem
1099 2252 1359 2319 signifieat

294 2330 427 2394 quod
446 2346 661 2381 omnes:
694 2331 875 2382 Cicero
905 2347 1047 2396 saepe
1069 2332 1161 2393 ait,
1183 2332 1359 2380 cuncti

292 2415 443 2474 atque
475 2422 679 2474 ornnes,
705 2409 825 2474 quia
846 2423 1024 2460 omues
1046 2423 1145 2460 uon
1180 2408 1355 2460 statim

295 2493 408 2542 sunt
448 2486 650 2549 cuncti.
694 2487 789 2536 nisi
833 2486 988 2537 iidem
1036 2486 1185 2537 simul
1235 2494 1356 2537 sunt

284 2553 491 2625 juncti?
562 2566 740 2614 Oanos
759 2563 826 2614 de
851 2564 1103 2614 :universis
1123 2578 1349 2617 numero

290 2638 538 2692 distinctis
564 2641 772 2692 dicitur.
837 2643 984 2706 Virg.
1023 2642 1170 2692 ‘Rex
1202 2643 1350 2708 Jupi-

293 2722 368 2765 ter
388 2718 622 2769 omnibus
644 2717 816 2769 idem)
850 2719 920 2770 Et
935 2720 1149 2771 Sallust.
1183 2721 1198 2748 ‘
1222 2720 1347 2772 Om-

287 2806 375 2919 ἳέε
415 2795 646 2847 homines
686 2798 774 2862 qui
810 2812 924 2848 sese
961 2798 1215 2867 student,’
1247 2802 1347 2852 διο.

342 2887 428 2923 em.

351 2955 375 2980 ⁸
410 2950 714 3016 Caniculam]
749 2951 946 3002 Contra
979 2952 1143 3002 Varro
1181 2953 1270 3003 lib.
1305 2968 1348 3005 1.

291 3021 353 3075 de
376 3026 450 3076 Re
474 3025 626 3079 Rust.
650 3028 942 3078 cuniculum
966 3029 1153 3079 animal
1188 3044 1217 3079 a
1256 3045 1344 3081 cu·

291 3105 487 3173 niculis,
512 3107 562 3157 id
604 3116 703 3170 est,
725 3106 1061 3159 foraminibus
1083 3109 1343 3162 subterra·

291 3184 392 3232 neis
415 3183 606 3237 dictum
625 3193 792 3250 putat.
860 3186 983 3249 Ejus
1007 3185 1164 3237 verbs
1187 3196 1307 3238 sunt
1324 3202 1343 3236 ε

291 3257 548 3313 ‘Cuniculi
571 3261 700 3313 dicti
724 3262 791 3312 ab
816 3277 876 3312 eo
898 3263 1036 3328 quod
1072 3263 1166 3314 sub
1203 3272 1345 3315 terra

290 3339 542 3390 cuniculos
573 3341 673 3407 ipsi
689 3338 863 3391 facere
887 3342 1113 3402 soleant,
1148 3342 1237 3392 ubi
1270 3344 1345 3393 la·

292 3421 427 3466 teant
451 3417 501 3466 in
541 3417 710 3482 agris.'
776 3417 882 3468 Sed
919 3418 1245 3470 verisimilius
1279 3421 1344 3472 ab

289 3493 486 3546 animali
519 3510 704 3547 nomen
739 3495 978 3562 inditum,
1018 3498 1154 3562 quod
1187 3500 1338 3549 miles

287 3571 540 3623 cuniculos
574 3571 740 3623 fodiat
772 3573 1007 3623 animalis
1045 3575 1197 3640 hujus
1227 3577 1338 3626 imi-

291 3647 490 3699 tatione.
556 3651 652 3701 Est
674 3658 847 3701 autem
889 3650 1227 3716 Hispanicum
1254 3669 1341 3705 vo·

289 3724 513 3776 nabulum
557 3727 818 3778 unicum.
896 3728 1034 3779 Plin.
1080 3729 1170 3779 lib.
1214 3744 1339 3782 vm.

289 3812 395 3863 cap.
412 3808 492 3853 53.
533 3805 548 3832 ‘
574 3807 833 3870 Leporum
869 3807 1075 3871 generis
1114 3815 1254 3871 sunt,
1283 3816 1338 3859 et

291 3890 411 3940 quos
447 3880 701 3946 Hispania
751 3884 1018 3934 cuniculos
1075 3886 1337 3949 appellat.'

293 3950 430 4004 ldern
453 3955 639 4007 Galen.
662 3960 755 4009 lib.
780 3974 867 4010 ιιι.
901 3960 1172 4012 AElian.de
1211 3963 1338 4013 Ani-

291 4029 402 4080 mal.
422 4031 512 4081 iib-
535 4047 662 4085 xm.
687 4050 806 4100 cap.
833 4041 912 4086 15.
979 4035 1125 4088 Idem
1164 4048 1220 4089 et
1254 4042 1338 4091 alii

292 4106 461 4171 multi;
494 4112 582 4160 sed
610 4111 816 4162 tandem
840 4129 960 4164 vere
979 4117 1209 4167 ostendit
1224 4133 1343 4170 eru·

296 4180 565 4237 ditissimus
602 4188 768 4255 AEgid.
810 4191 1104 4258 menagius,
1138 4195 1189 4245 in
1226 4211 1344 4262 per·

1439 1805 1640 1840 amoeno
1663 1790 1751 1840 illo
1785 1789 1849 1839 de
1877 1789 2016 1853 juris
2042 1782 2501 1838 amoenitatibusli-

1440 1867 1550 1925 bro,
1572 1868 1864 1917 cuniculum
1889 1866 2131 1917 Graecum
2150 1877 2262 1913 esse
2282 1861 2498 1926 origine.

1434 1948 1449 1974 ⁸
1472 1946 1624 2010 Κυῶν,
1658 1944 1810 2001 κυνὸς,
1846 1942 2050 2002 κυνικὸς,
2084 1941 2322 2003 eunicus,
2356 1938 2501 1988 enni·

1431 2022 1615 2085 culus,'
1652 2020 1705 2072 id
1728 2031 1831 2084 est,
1864 2024 1880 2049 ‘
1898 2019 2178 2082 caniculas,
2197 2016 2262 2067 ab
2280 2015 2362 2081 δυ,
2379 2012 2498 2078 κύω,

1432 2100 1591 2165 ndum·
1629 2105 1728 2152 &m
1825 2100 2082 2151 Cuniculo
2124 2097 2280 2154 euim,
2316 2094 2503 2160 inquit,

1434 2180 1650 2246 proprie
1674 2186 1730 2229 et
1752 2178 1998 2244 primario
2028 2182 2111 2226 est
2128 2175 2285 2224 foetus
2310 2173 2503 2223 anima·

1431 2257 1525 2307 lis:
1562 2255 1770 2307 transiit
1792 2261 1979 2319 postea
1999 2252 2064 2302 ad
2087 2252 2299 2314 λαγιδεῒς
2321 2246 2501 2312 γηρύ-

1432 2352 1568 2398 xum,
1612 2338 1628 2363 ⁶
1649 2333 1949 2400 lepusculos
1990 2336 2181 2383 terram
2212 2326 2507 2382 fodientes?

1433 2411 1517 2462 Ita
1539 2411 1803 2463 cuniculos
1823 2409 2012 2461 Strabo
2033 2410 2303 2474 eleganter
2319 2407 2502 2472 appel·

1433 2492 1526 2553 lat,
1545 2505 1763 2555 cumque
1785 2489 2138 2539 cuniculorum
2171 2485 2323 2538 serait
2358 2492 2500 2537 esset

1427 2568 1704 2636 Hispania,
1718 2568 1884 2632 (unde
1902 2568 2253 2620 cuniculosam
2270 2565 2500 2617 Celtibe·

1427 2648 1557 2697 riam
1583 2647 1718 2697 dixit
1741 2644 2023 2710 Catullus,)
2056 2643 2117 2693 τὸ
2137 2644 2379 2695 anicula
2406 2658 2496 2692 vo-

1426 2740 1542 2776 cem
1580 2740 1695 2776 esse
1739 2724 2024 2789 Hispanam
2062 2722 2196 2774 falso
2238 2722 2495 2773 creditum

1426 2812 1509 2854 est
1530 2821 1545 2855 ε
1571 2818 1669 2854 non
1696 2802 1855 2868 igitur
1878 2800 2066 2851 animal
2088 2816 2118 2850 a
2142 2799 2496 2849 subterraneis

1427 2880 1702 2939 meatibus,
1724 2888 1783 2932 ιιι
1807 2879 2068 2943 scripsere
2100 2875 2268 2927 Varro
2303 2884 2361 2926 et
2393 2874 2500 2924 Pli-

1427 2955 1559 3012 nius.
1584 2970 1767 3006 nomen
1793 2953 2019 3019 accepit,
2043 2952 2135 3003 sed
2159 2958 2357 3002 mestus
2375 2949 2497 3000 sub·

1427 3032 1654 3083 terranei
1672 3031 1740 3082 ab
1763 3031 1971 3082 animali
1987 3029 2115 3080 dicti
2140 3035 2283 3090 sunt,
2304 3034 2361 3077 ut
2382 3041 2492 3076 rec-

1424 3118 1477 3161 te
1501 3110 1762 3160 Martialis
1783 3125 1796 3159 :
1815 3111 1836 3147 >⁶
1861 3107 2076 3160 Gaudet
2105 3107 2157 3158 in
2182 3105 2378 3156 effossis
2405 3105 2493 3154 ba-

1419 3188 1592 3240 bitare
1632 3188 1901 3239 cuniculus
1943 3187 2135 3237 antris:
2170 3183 2495 3236 Monstravit

1427 3268 1612 3320 tacitas
1634 3264 1867 3318 hostibus
1888 3266 1978 3314 ine
2004 3262 2146 3314 vias?
2181 3263 2331 3312 Idem.

1487 3354 1508 3389 5
1548 3346 1683 3402 Quod
1707 3343 1865 3392 simile
1885 3348 1957 3392 est
1981 3339 2151 3406 lepori]
2183 3340 2324 3390 Vere
2347 3340 2493 3401 lepus

1425 3438 1527 3472 non
1554 3429 1653 3471 est.
1722 3420 1982 3484 Leporum
2009 3419 2111 3468 tria
2136 3430 2331 3481 genera
2364 3413 2491 3465 facit

1418 3501 1592 3550 Varro
1614 3499 1706 3549 lib.
1727 3511 1817 3548 ιιι.
1839 3496 1907 3546 de
1922 3495 1999 3545 Re
2019 3495 2165 3544 Rust.
2185 3501 2240 3543 et
2259 3492 2324 3542 de
2347 3492 2494 3541 euni·

1418 3578 1568 3627 culo:
1600 3577 1615 3604 ‘
1640 3571 1845 3638 Tertii,'
1885 3572 2072 3637 inquit,
2119 3569 2134 3597 ⁸
2154 3567 2358 3633 generis
2392 3573 2495 3620 est»

1421 3653 1561 3720 quod
1585 3654 1635 3703 in
1658 3649 1914 3716 Hispania
1929 3649 2181 3709 uescitur,
2195 3645 2359 3695 simile
2377 3658 2491 3693 noa-

1423 3739 1504 3783 tro
1544 3731 1710 3796 lepori
1742 3743 1807 3778 ex
1846 3725 2064 3792 quadam
2091 3733 2261 3788 parte,
2281 3722 2372 3772 sed
2397 3722 2488 3770 bu·

1419 3809 1563 3872 mile,
1617 3821 1771 3873 quem
1836 3801 2134 3854 cuniculum
2188 3795 2495 3865 appellunt.⁹

1421 3887 1575 3937 Idem.

1483 3973 1502 3996 ²
1542 3959 1745 4023 Cunire]
1782 3957 1823 4008 Α
1854 3972 2053 4012 eoenum,
2093 3969 2259 4011 cuno,
2293 3952 2490 4016 cunin-e,

1421 4041 1717 4106 inquinare,
1759 4036 2226 4102 inquinamentum,
2261 4045 2487 4086 anennu-

1423 4119 1640 4168 lentum.
1707 4113 1844 4163 Vide
1869 4113 1921 4163 in
1947 4126 2075 4162 voce
2117 4112 2133 4138 ‘
2155 4108 2488 4160 Ancunulen·

1428 4193 1536 4247 ιω)
1607 4192 1650 4243 Α
1694 4208 1876 4242 coeaum
1912 4190 2069 4240 dicta
2097 4194 2216 4238 suut
2240 4200 2405 4248 cunae,
2428 4189 2487 4232 ιιι
