3020 4853
475 373 570 420 DE
618 372 1027 421 VERBORUM
1078 372 1697 422 StGlecA‘rloNE
1748 375 1889 423 mn.
1937 375 2100 424 XIV.

2261 364 2392 429 595

235 519 565 601 Pignosa‚⁸
595 519 899 600 pignora,
926 537 1007 583 eo
1025 519 1246 596 modo,
1266 538 1400 602 quo
1419 518 1704 597 Valesii,
1727 526 1793 584 et
1814 520 2105 598 Auselii,
2142 523 2387 604 [Fsssr.

310 623 554 699 Pinosi,
585 620 798 684 Pilesi
826 621 873 658 ¹⁸
907 622 1322 687 dicebantur.

228 721 417 798 Pila,'¹
470 744 625 807 quoe
684 723 994 809 parietem
1039 731 1399 804 sustentat,
1448 727 1534 790 ab
1579 727 1976 812 opponendo
1999 735 2049 777 ¹9
2120 728 2309 807 [PAU
2323 746 2387 792 1..

306 825 481 891 dicta
511 835 639 892 est.

225 927 427 1007 Pilae,¹
462 937 532 994 et
560 928 812 1013 effigies
841 930 1091 1008 virileS‚
1123 937 1190 997 et
1218 931 1575 997 muliebres
1611 952 1701 997 ex
1735 932 1886 996 lana
1917 931 2387 1016 compitalibus

303 1032 868 1115 suspendebantur
919 1034 988 1097 in
1035 1036 1368 1120 compitiS,
1412 1036 1593 1120 quod
1641 1035 1842 1115 (bunc
1888 1035 2066 1099 diem
2112 1034 2389 1120 festum)

301 1152 447 1198 esse
488 1135 780 1199 Deorum
826 1135 1260 1214 inferorum‚²0
1302 1157 1470 1221 quos
1519 1142 1765 1202 vocant
1801 1138 1997 1213 lares,
2050 1145 2384 1219 putarent,

300 1238 539 1320 quibus
583 1242 686 1302 tot
724 1238 905 1321 pilae,
935 1243 1101 1322 quot
1128 1240 1360 1321 capita
1390 1257 1756 1317 servorum,
1789 1244 1888 1304 tot
1914 1236 2190 1321 effigies,
2221 1247 2388 1323 quot

297 1345 520 1404 essent
560 1340 774 1419 liberi,
822 1342 1253 1424 ponebantur,
1299 1349 1375 1407 ut
1417 1343 1591 1408 vivis
1638 1349 2010 1426 parcerent,
2054 1348 2119 1406 et
2161 1349 2387 1407 essent

293 1443 395 1507 his
426 1442 587 1526 pilis
616 1449 686 1507 et
717 1443 1086 1508 simulacris
1118 1447 1439 1509 contenti.

220 1546 399 1623 pilae,
428 1554 485 1608 et
532 1543 741 1608 viriles
782 1555 840 1609 ec
879 1544 1201 1610 muliebres
1244 1545 1519 1633 effigies
1494 1569 1561 1611 m
1590 1546 1919 1631 Compitis
1948 1569 2076 1611 sus·
2138 1547 2383 1631 [Fsssr.

283 1646 709 1731 pendebantur
744 1644 1142 1734 Compitalib.
1176 1671 1248 1714 ex
1276 1650 1448 1729 Ιαηα,
1479 1647 1645 1737 quod
1682 1671 1800 1714 esse
1830 1652 2121 1716 Deorum
2152 1646 2383 1733 irffero-

1114 1837 1290 1858 OOOOOO

272 1940 329 1985 18
360 1939 481 1990 V.et
503 1939 615 1992 cod.
639 1942 823 2002 Pistori,
845 1943 1017 1992 Pali-ri.
1083 1941 1178 1990 Vir
1220 1941 1363 1990 doct.
1401 1940 1454 1990 in
1492 1956 1654 2005 marg.
1691 1943 1776 1992 ed.
1818 1941 1958 1991 Scal.
1993 1939 2129 2003 conj.

1294 1836 1470 1857 000000

2175 1937 2380 1991 Pinosii,

208 2002 407 2065 Papisii.
476 2006 611 2054 Vide
634 2006 724 2057 inf.
728 2012 858 2057 -19
882 2006 1105 2073 Conjicit
1127 2005 1338 2057 Vossius
1358 2004 1417 2054 ab
1437 2007 1700 2070 oppilando.
1704 2011 1832 2057 —20
1864 2007 1962 2056 Vir
1983 2004 2121 2056 doct.
2147 2003 2198 2054 iu
2223 2016 2384 2065 marg.

206 2067 283 2117 ed.
306 2068 441 2119 Scal.
467 2071 610 2135 conj.
632 2071 932 2133 inferiorum.

1181 2166 1395 2220 No'rAE

204 2268 337 2312 tuam
360 2273 594 2316 auratam
621 2268 934 2334 patris‚quae
960 2266 1122 2332 prima
1145 2281 1251 2314 om-

200 2338 333 2388 nium
387 2342 441 2392 in
491 2342 647 2393 Italia
689 2353 858 2395 statua
899 2352 1079 2394 aurata
1132 2341 1252 2403 fuit,

201 2419 385 2479 posuit.
455 2422 572 2473 Liv.
615 2423 705 2473 lib.
748 2437 839 2474 xr..
874 2423 939 2473 de
979 2422 1085 2473 filia
1136 2436 1249 2487 quae

197 2504 424 2561 matrem,
447 2507 508 2548 et
536 2499 601 2548 de
633 2500 797 2550 altera
821 2514 934 2564 quae
958 2507 1177 2564 patrem,
1198 2498 1251 2547 iu

197 2584 402 2623 carcere
421 2576 570 2626 aluit.
635 2578 751 2627 val.
778 2577 920 2626 Max.
944 2577 1037 2627 lib.
1060 2590 1115 2626 ν.
1137 2590 1251 2639 cap.

194 2650 241 2695 ⁴¹·
298 2650 438 2715 Hyg.
464 2651 642 2701 fabula
663 2658 779 2703 254.
813 2656 934 2704 Aut.
956 2654 1086 2715 Aug.

256 2725 443 2776 Pietati
465 2728 639 2793 adem]
673 2729 735 2778 In
758 2726 868 2778 foro
891 2729 1113 2779 olitorio.
1165 2728 1246 2777 Li-

195 2801 300 2850 vius
329 2802 421 2853 lib.
448 2818 539 2855 ιι.
577 2819 692 2869 cap.
717 2808 800 2854 34.
830 2803 963 2854 Pub.
987 2803 1170 2853 Victor
1195 2804 1246 2851 iu

193 2878 271 2925 11.
318 2880 551 2942 regione.
625 2879 902 2929 Mulierem
945 2879 1245 2942 xantippen

187 2960 343 3003 ‘vocat
364 2956 625 3021 Hyginus.
649 2964 703 3006 et
720 2964 915 3018 patrem
932 2956 1244 3019 Myconem.
1229 2972 1243 2983 ·

190 3028 276 3078 alii
311 3031 581 3082 Cimonem
620 3039 821 3096 patrem
857 3031 1051 3082 dicunt.
1113 3030 1244 3081 Soli-

190 3118 280 3154 nus
302 3106 368 3156 de
391 3114 562 3157 matre
595 3116 649 3158 et
680 3107 786 3157 filia
817 3109 950 3158 hanc
979 3108 1242 3202 historiam

188 3190 361 3231 narrat
384 3199 505 3247 cap.
527 3188 578 3233 7.
613 3185 737 3234 Dae.

246 3266 273 3302 ⁸
305 3260 547 3323 Pignosa]
583 3260 798 3324 Optime
834 3260 928 3309 viri
968 3259 1109 3309 docti
1148 3273 1243 3323 pro

188 3335 373 3395 Piuosi,
396 3337 570 3399 Pilesi,
581 3337 861 3387 restituunt
881 3337 1070 3394 Pinasi,
1094 3337 1241 3400 Popi-

182 3410 242 3457 si.
308 3412 636 3461 Pinariorum
659 3420 715 3461 et
746 3412 1074 3476 Papiriorum
1098 3410 1243 3463 fami-

186 3488 252 3535 lia
272 3490 398 3538 satis
423 3496 569 3538 nota.
604 3490 757 3538 Idem.

243 3564 266 3596 Β
299 3565 442 3629 Pila]
465 3567 739 3616 Structura
761 3579 825 3614 ex
843 3562 1121 3627 lapidibus,
1141 3578 1240 3613 οω-

182 3643 368 3691 mentis
393 3650 489 3691 aut
518 3641 765 3691 lateribus
789 3640 855 3689 ad
878 3640 1068 3704 aliquid
1091 3640 1241 3689 susti·

182 3718 423 3768 nendum.
492 3717 597 3768 Sed
619 3717 875 3783 quomodo
897 3716 955 3765 ab
975 3719 1241 3779 opponendo

174 3795 311 3857 pilo?
379 3796 552 3844 Unice
596 3795 770 3858 placet
816 3792 1022 3843 doctiss.
1067 3791 1239 3842 vossii

178 3871 489 3933 conjectura
506 3871 565 3920 ab
581 3872 849 3934 oppilando.
920 3870 1080 3917 Pilare
1104 3868 1238 3918 enim

176 3955 257 3993 est
281 3948 508 4009 stipare,
528 3947 765 4007 densare,
784 3946 1008 3996 firmare.
1052 3943 1201 3995 Idem.

240 4023 253 4054 ¹
285 4023 439 4087 Pitoe]
478 4022 578 4072 Illa
621 4021 777 4072 verba
809 4021 956 4086 (hunc
983 4020 1107 4070 dien
1129 4020 1235 4080 ses·

177 4097 302 4160 tam)
321 4098 371 4146 in
398 4098 659 4162 plerisque
681 4096 823 4147 libris
842 4111 944 4146 non
968 4105 1103 4145 sunt.
1153 4098 1233 4146 De

175 4171 630 4236 ‘Compitalibus,'
674 4180 727 4222 et
768 4172 846 4220 his
890 4171 1074 4235 ‘pilis,’
1116 4172 1233 4223 vide

177 4247 414 4300 Macrob.
437 4248 529 4298 lib.
553 4262 592 4300 1.
616 4250 789 4300 Satur.
824 4249 942 4299 Ant.
971 4249 1094 4310 Aug.

1392 2265 1545 2329 Pizae]
1578 2267 1593 2294 ‘
1612 2266 1838 2317 Manias’
1863 2274 2071 2318 vocatas
2087 2265 2161 2316 ait
2176 2266 2382 2315 Maero-

1324 2341 1455 2391 bius.
1521 2341 1604 2391 Ad
1643 2357 1816 2393 earnm
1843 2344 2001 2394 instar
2023 2339 2380 2392 stramentitiae

1326 2415 1544 2482 effigies,
1575 2418 1758 2483 quibus
1793 2418 2012 2483 objectis
2041 2417 2175 2468 tauri
2209 2415 2378 2465 irrita-

1326 2504 1526 2557 rentur,
1548 2504 1746 2546 vocatae
1771 2506 1891 2546 sunt
1912 2496 2052 2560 pilae.
2087 2491 2344 2542 Martialis
2366 2507 2380 2540 ε

1326 2570 1342 2598 ⁴
1364 2570 1546 2622 Jaetat
1587 2578 1645 2620 ut
1679 2571 1940 2635 impositas
1969 2577 2145 2621 taurus
2167 2569 2219 2617 in
2242 2574 2380 2616 astra

1323 2647 1491 2713 pilas-⁹
1514 2648 1867 2698 Glossarium:
1892 2656 1906 2677 ‘
1927 2648 2079 2709 Pitae,
2105 2644 2378 2707 ταυριόριοι,

1321 2725 1734 2789 ταυροκαθάπαι]
1799 2725 1951 2776 Unde
1980 2721 2378 2790 proverbialiter

1321 2803 1337 2829 ‘
1359 2800 1583 2852 foeueos'
1625 2802 1854 2852 homines
1878 2800 2085 2851 dixerat
2106 2800 2290 2849 Cicero
2324 2798 2378 2844 in

1321 2878 1578 2942 principio
1594 2878 1932 2934 Cornelianae,
1950 2875 2183 2927 alludens
2197 2874 2261 2924 ad
2287 2874 2377 2921 has

1321 2952 1520 3018 effigies
1543 2954 1753 3004 foeueas.
1787 2951 2162 3013 ‘Postulatnrss
2191 2950 2376 3014 inquit,

1319 3030 1498 3095 ‘apud
1523 3044 1606 3079 me
1629 3038 1906 3095 praetorem
1942 3030 2161 3093 primum
2196 3025 2263 3076 de
2287 3040 2375 3089 pe·

1319 3108 1483 3158 cuniis
1507 3106 1825 3171 repetundis.
1893 3107 2202 3168 Prospectat
2235 3103 2374 3152 vide-

1320 3184 1447 3234 licet
1483 3184 1765 3245 Cominius,
1807 3183 1928 3249 quid
1962 3190 2164 3246 agatur,
2199 3180 2406 3230 viden·-

1317 3268 1405 3311 eet
1443 3262 1673 3311 homines
1719 3260 1915 3311 foeneos
1959 3261 2009 3309 in
2044 3259 2268 3309 medium
2308 3257 2374 3307 ad

1318 3337 1620 3388 tentandum
1635 3337 1917 3401 periculum
1934 3335 2232 3401 projectos!
2251 3335 2373 3384 Huc

1316 3413 1471 3463 etiam
1495 3412 1761 3463 alludebat
1783 3414 1969 3469 Varro,
1994 3428 2108 3463 cum
2132 3426 2283 3461 unam
2307 3411 2373 3459 de

1315 3489 1609 3553 Menippeis
1632 3489 1735 3538 suis
1761 3488 2064 3551 proscripsit
2080 3488 2252 3548 titulo,
2267 3487 2282 3511 ‘
2302 3486 2372 3534 Α·

1306 3565 1442 3629 jacis
1462 3564 1845 3614 Stramentitii.'
1908 3566 2039 3615 Quoe
2069 3567 2371 3626 sequuntur.

1317 3640 1554 3690 videntur
1600 3639 1666 3688 de
1715 3638 1818 3688 alia
1853 3652 1928 3702 re,
1973 3651 2122 3702 quam
2158 3636 2223 3685 de
2256 3636 2372 3698 pilis

1316 3723 1587 3765 tractasse.
1618 3716 1723 3763 Jos.
1745 3713 1875 3764 Scal.

1380 3790 1531 3853 Pttoe]
1577 3790 1710 3840 Vide
1765 3790 1815 3838 in
1871 3795 1886 3817 ⁴
1907 3790 2096 3838 Laueae
2140 3784 2372 3851 effigies.’
2397 3838 2400 3841 ,

1312 3866 1439 3915 Pitoe
1471 3872 1645 3916 autem
1681 3865 1857 3928 capita
1893 3873 2090 3914 tantum
2127 3863 2370 3913 diceban-

1316 3952 1401 3993 tur
1435 3958 1467 3992 a
1499 3942 1691 3991 Graeco
1722 3939 1888 3997 πόλος.
1926 3941 2180 4005 quomodo
2218 3955 2367 3991 omne

1313 4018 1590 4069 rotundum
1611 4018 1778 4081 πόλον,
1797 4017 1974 4068 Graeci
1994 4017 2192 4073 dicunt,
2210 4026 2367 4079 eaput

1314 4098 1466 4147 etiam
1491 4096 1785 4161 humanum,
1827 4105 1884 4145 ut
1918 4109 1981 4144 ex
2017 4095 2230 4145 Polluce
2257 4108 2366 4145 cer·

1316 4180 1423 4222 tum
1447 4179 1546 4222 est.
1580 4171 1703 4221 Dae.
