3020 4853
517 388 606 456 66

1191 390 1419 443 sarr!
1467 389 1613 438 Pon
1627 386 1772 438 1³ss1!
1825 383 2033 434 FBST!

523 546 994 617 Ambarvales‘
1018 542 1255 609 hostiae
1287 536 1819 624 appellabantur,
1844 550 1994 616 quoe
2026 548 2150 614 pro
2173 526 2352 592 arvis
2368 546 2410 590 a
2439 524 2702 589 duobus

607 652 921 718 fratribus
944 646 994 688 ¹⁶
1038 642 1605 713 sacrificabantur.

948 784 957 815 Ι

1692 634 2123 704 Ambarvalis
2146 632 2375 697 hostia
2399 637 2528 706 est,
2552 646 2697 711 quae

1437 826 1465 845 0
1470 819 1790 841 mmm

594 962 655 1008 ιο
678 956 763 1007 Al.
782 950 1092 1015 anfi-ugibus.
1156 946 1278 997 vid.
1302 945 1428 997 Not.
1460 942 1556 994 inf.

1506 1091 1723 1143 NOTAE

520 1223 572 1272 in
631 1218 1025 1272 Commentariis
1074 1215 1294 1267 Caesaris
1348 1214 1569 1276 legerat.

524 1302 710 1365 Neque
734 1298 914 1347 dubito
949 1295 1069 1361 quin
1096 1295 1167 1343 ita
1191 1308 1271 1342 res
1305 1289 1570 1340 acciderit.

524 1378 660 1427 Nam
685 1376 769 1426 alii
801 1376 951 1438 longe
975 1373 1214 1423 Ambacti
1240 1369 1375 1434 apud
1402 1368 1574 1417 Caesa-

523 1470 652 1515 rem,
676 1454 762 1519 qui
798 1467 897 1502 non
933 1450 1066 1502 servi
1101 1454 1283 1499 erant:
1316 1446 1445 1496 alins
1468 1460 1575 1495 am-

522 1531 706 1581 bactus
752 1529 889 1594 apud
933 1526 1172 1583 Ennium,
1206 1539 1331 1574 ¹cum
1372 1536 1578 1571 servum

521 1607 812 1673 significet:
837 1605 960 1654 illud
979 1604 1237 1655 Gallicum
1257 1598 1576 1658 vocabulum,

521 1686 618 1736 hoc
647 1686 797 1748 plane
819 1681 1078 1732 Latinum.
1146 1677 1282 1728 Huic
1310 1674 1572 1738 conjectu-

523 1778 596 1812 τω
637 1761 790 1811 fidem
825 1759 955 1810 facit
985 1757 1298 1808 Glossarium
1323 1751 1447 1803 illud
1471 1765 1573 1802 non

523 1840 650 1891 satis
684 1839 969 1900 laudatum,
1003 1842 1057 1886 et
1089 1832 1224 1899 quod
1261 1829 1574 1894 magistello-

523 1931 637 1969 rum
683 1916 915 1966 aeonibus
968 1912 1068 1964 teri
1112 1925 1215 1961 non
1260 1909 1438 1966 debet,
1482 1905 1573 1956 sed

524 1999 724 2042 tantum
766 2006 798 2042 a
836 1988 1149 2041 doctioribus
1197 1993 1348 2035 nocte
1390 1990 1445 2033 et
1488 1983 1578 2032 die

524 2068 740 2119 versari.
805 2067 867 2117 In
893 2081 955 2116 eo
979 2067 1140 2129 igitur
1163 2063 1383 2126 legiturz
1419 2068 1434 2091 ⁸
1454 2060 1574 2111 Am·

523 2145 724 2209 hactus,
764 2146 929 2195 δοῦλος
970 2141 1215 2206 μισθωτὸς,
1260 2140 1321 2190 ὥς
1362 2138 1577 2190 'Ennea'

523 2223 609 2279 An
642 2238 740 2273 non
777 2223 903 2275 satis
935 2223 1086 2286 plane
1118 2220 1332 2269 innuere
1355 2218 1578 2272 videtur.

521 2302 659 2365 quod
699 2299 764 2351 de
804 2300 954 2351 Pauli
992 2297 1208 2348 audacia
1247 2296 1449 2345 odorati
1489 2308 1574 2342 su-

522 2378 669 2430 mus?
737 2376 808 2428 At
848 2376 1045 2428 Ennius
1088 2373 1294 2423 videtur
1317 2373 1383 2421 de
1422 2383 1574 2420 servo

523 2454 761 2506 ambacto
804 2457 1021 2520 loquens
1059 2452 1445 2516 comparatione
1485 2449 1578 2497 ali-

523 2548 626 2596 qua
665 2541 758 2582 aut
802 2530 1133 2582 similitudine
1172 2529 1363 2579 dixisse
1403 2527 1582 2577 nescio

523 2607 644 2671 quid
684 2611 807 2671 tale,
842 2617 901 2658 ut
932 2608 1068 2672 apud
1103 2606 1395 2671 Theognin:
1431 2603 1498 2665 μή
1520 2617 1578 2653 σε

523 2683 705 2740 βιάσθω
726 2685 934 2748 rm,
954 2686 1077 2734 ὥστε
1098 2683 1242 2732 κακὸν
1272 2680 1442 2744 λάτριν
1461 2683 1578 2743 ἔφη·

521 2759 690 2823 μίμων.
758 2763 895 2811 Nam
927 2762 991 2812 de
1024 2773 1088 2809 eo
1113 2758 1367 2821 Theognis
1399 2759 1581 2817 sentit,

525 2839 614 2903 qui
654 2838 885 2902 quotidie
929 2838 1071 2887 locat
1109 2849 1298 2900 operas
1340 2849 1487 2883 suas:
1520 2840 1581 2884 ut

525 2918 722 2967 Ennius
761 2931 965 2981 quoqne
1006 2914 1071 2965 de
1116 2929 1197 2974 eo,
1241 2913 1386 2976 cujus
1427 2913 1580 2961 herus

526 2995 757 3058 quotidie
788 2994 1075 3045 collocabat
1109 3005 1315 3055 operas,
1350 2998 1404 3039 et
1426 3003 1494 3039 ex
1516 3003 1580 3038 eo

526 3086 631 3120 rem
676 3071 964 3135 qtiaerebat.
1053 3068 1218 3118 Porro
1261 3081 1360 3117 non
1406 3067 1580 3130 placet

525 3146 721 3197 referre
744 3149 806 3197 ad
832 3146 1284 3196 manumissionum
1304 3151 1578 3204 morem‚et

525 3224 808 3287 vertigines
853 3226 984 3282 illas,
1034 3223 1218 3289 quibus
1262 3221 1582 3272 liberabatur

523 3316 722 3359 servus.
745 3317 858 3351 cum
885 3310 1058 3351 tamen
1082 3299 1135 3349 id
1169 3300 1377 3349 summis
1401 3299 1448 3347 in
1473 3313 1579 3348 om-

526 3380 577 3428 ni
622 3379 873 3428 doctrinm
919 3391 1109 3441 genere
1148 3376 1270 3425 viris
1320 3375 1579 3439 placuisse

527 3457 748 3520 videam,
790 3469 983 3520 eosque
1022 3456 1074 3504 in
1120 3469 1183 3505 ea
1218 3454 1403 3504 haeresi
1445 3468 1579 3505 esse.

529 3535 650 3584 Non
670 3547 876 3596 possum
894 3547 993 3582 non
1014 3531 1203 3595 ridere,
1219 3531 1365 3598 quod,
1378 3530 1580 3596 Agyrte

526 3611 750 3675 quidam,
764 3611 910 3661 home
926 3610 1139 3674 insignis
1154 3610 1406 3671 audacie,
1420 3618 1579 3673 atque

526 3688 880 3752 impudentiae,
919 3688 1128 3751 scripsit
1165 3695 1347 3737 contra
1384 3689 1581 3738 Turne-

525 3764 644 3815 bum
664 3780 818 3829 snper
834 3767 931 3815 hac
944 3779 1073 3815 voce
1088 3766 1102 3793 ‘
1118 3765 1440 3816 Ambactus!
1474 3764 1580 3814 Sed

527 3850 587 3891 ut
618 3842 728 3905 ejus
753 3857 928 3892 omues
956 3841 1075 3891 libri
1103 3843 1225 3891 nihil
1250 3841 1391 3890 aliud
1424 3855 1584 3906 quam

527 3918 1023 3982 impudentissimam
1043 3921 1118 3967 sui
1139 3918 1379 3968 fiduciam
1395 3916 1583 3980 prase-

527 3995 747 4057 rnnt,ita
757 3996 889 4046 bane
904 3997 1011 4061 rjus
1025 3995 1201 4045 dehac
1220 4010 1277 4045 re
1289 3995 1586 4059 opinionem

526 4082 585 4123 ut
607 4072 1097 4136 impudentissimam
1122 4081 1177 4121 et
1210 4073 1580 4137 ineptissimam

526 4150 727 4214 rejicio.
752 4152 1030 4214 Nunquam
1049 4149 1150 4213 legi
1170 4149 1387 4212 majores
1403 4163 1583 4213 nugas,

526 4241 782 4292 nunquam
837 4225 1161 4289 insigniorem
1230 4228 1578 4276 temeritatem

526 4303 651 4368 vidi,
677 4316 846 4370 neque
869 4302 1062 4366 andivi,
1087 4309 1142 4353 ut
1164 4303 1252 4368 qni
1282 4316 1458 4353 omnes
1482 4303 1576 4352 liu-

1655 1221 1784 1271 guas
1817 1219 1847 1255 a
1885 1219 1980 1254 sua
2017 1199 2240 1252 barbara
2273 1196 2530 1248 deducere
2566 1196 2707 1257 velit,

1655 1285 1803 1341 adeo,
1853 1290 1909 1332 ut
1952 1282 2115 1346 ipsam
2144 1277 2448 1328 Hebraicam
2484 1275 2708 1337 lingnam

1659 1363 1994 1429 posteriorem
2041 1357 2301 1409 Cimbrica
2344 1362 2537 1404 asserat
2555 1371 2571 1402 a
2624 1352 2706 1402 ubi

1658 1441 1813 1490 etiam
1838 1438 2116 1489 circulator
2138 1435 2334 1484 Mosem
2362 1430 2708 1494 reprehendit,

1655 1516 1791 1582 quod
1835 1516 2040 1564 nomina
2080 1511 2288 1576 propria
2329 1517 2561 1558 veterum
2597 1507 2706 1555 illo·

1657 1608 1765 1643 rum
1791 1599 1995 1657 patrum
2018 1605 2046 1640 a
2069 1588 2327 1654 gentilitia
2348 1602 2441 1637 sua
2464 1584 2712 1638 Hebrus.

1657 1684 1758 1720 non
1784 1685 1816 1719 a
1838 1667 2117 1729 Cimbrica,
2143 1664 2388 1716 deducat.
2454 1663 2592 1726 Ergo
2616 1661 2708 1711 mi·

1658 1761 1800 1798 seros
1833 1747 1948 1795 illos
1982 1752 2180 1794 veteres
2205 1742 2476 1800 Hebraeos,
2497 1740 2585 1804 qui
2608 1752 2709 1789 non

1659 1827 1859 1888 Batavo
1899 1823 2110 1873 scierint
2150 1821 2320 1886 loqui:
2355 1825 2411 1869 et
2448 1818 2706 1869 feliciores

1658 1905 1810 1968 longe
1825 1902 2047 1961 futuros,
2060 1900 2102 1949 si
2122 1898 2712 1960 Antuerpienses‚qnam

1655 1982 1695 2030 si
1718 1981 1854 2045 Syri,
1874 1981 1984 2029 sive
2010 1976 2279 2028 Palestini
2301 1974 2537 2025 fuissent.
2566 1974 2710 2023 Talia

1653 2059 1852 2110 infinita
1883 2058 2076 2107 liabent
2106 2055 2439 2119 ineptissimas
2464 2052 2565 2102 ille
2590 2051 2709 2101 Ori·

1657 2138 1821 2202 gines,
1855 2143 1912 2186 et
1944 2143 2114 2185 tamen
2148 2147 2244 2181 non
2277 2130 2486 2189 desunt,
2510 2130 2595 2194 qui
2619 2128 2708 2178 ad·

1657 2214 1927 2264 mirentur.
1983 2211 2054 2261 At
2077 2210 2143 2259 de
2164 2208 2484 2274 ineptissimo
2508 2206 2709 2255 homine

1660 2293 1805 2357 plura
1824 2292 1970 2352 alias,
1986 2289 2069 2339 nbi
2090 2290 2189 2338 erit
2212 2289 2369 2336 locus.
2420 2285 2535 2335 Hoc
2554 2298 2709 2332 unum

1655 2369 1915 2434 adjiciam,
1941 2368 1993 2416 in
2019 2374 2164 2416 tanta
2189 2365 2320 2414 mole
2355 2363 2470 2413 libri
2509 2363 2593 2411 vix
2630 2375 2710 2409 me

1662 2442 2096 2511 reperisse‚-quod
2120 2458 2295 2492 verum
2320 2448 2489 2491 esset:
2513 2447 2568 2489 et
2587 2439 2712 2488 licet

1663 2524 1855 2590 aliquid
1883 2523 1988 2573 veri
2015 2521 2260 2582 invenias,
2283 2527 2450 2569 tamen
2483 2517 2536 2567 id
2576 2518 2708 2581 ejus-

1663 2602 1801 2654 modi
1824 2610 1927 2662 est,
1946 2596 2001 2650 ut
2028 2601 2078 2650 in
2102 2613 2165 2647 ea
2199 2599 2311 2647 alea
2345 2597 2518 2646 dicere
2552 2594 2713 2658 possis

1662 2697 1798 2744 enm,
1838 2678 2115 2744 aliquando
2165 2685 2225 2726 ut
2268 2676 2460 2736 vincat,
2511 2672 2712 2722 assidue

1664 2758 1902 2822 perdere·
1932 2758 2040 2806 διο.
2064 2755 2192 2804 Scol.

1724 2830 2003 2893 Avo-baem]
2029 2832 2133 2881 Cur
2152 2831 2168 2858 ‘
2188 2830 2359 2893 lingua
2388 2825 2614 2878 Gallica’
2636 2827 2712 2877 di-

1661 2924 1768 2968 cat,
1790 2911 2000 2974 ignoro:
2037 2915 2093 2957 ut
2116 2907 2252 2956 enim
2276 2919 2432 2969 supra
2464 2905 2709 2969 scriptum

1660 2995 1756 3047 est,
1788 2987 1840 3037 id
1878 2996 2020 3037 recte
2047 2985 2228 3035 Latine
2261 2982 2482 3033 dicitur:
2520 2991 2571 3031 et
2606 2995 2714 3030 mos

1665 3065 1925 3114 Romanus
1948 3061 2286 3124 significatur.
2321 3059 2440 3108 Ant.
2463 3060 2594 3119 Aug.

1727 3139 2007 3202 Ambustus]
2032 3138 2244 3201 Optime
2267 3137 2463 3186 notavit
2478 3137 2712 3198 Scaliger

1667 3219 1877 3269 Festum
1899 3217 2166 3278 scripsisse
2192 3212 2446 3263 Ambos-m
2463 3213 2589 3275 apud
2612 3212 2710 3260 Ea·

1657 3296 1790 3346 nium
1820 3308 1978 3343 serm
2008 3292 2202 3343 dicitur.
2269 3289 2467 3338 Probat
2505 3289 2713 3339 Glossa-

1661 3374 1788 3423 rium
1814 3370 1936 3422 illud
1963 3385 2062 3419 non
2088 3370 2213 3419 satis
2234 3368 2517 3428 laudatum,
2533 3365 2618 3416 ubi
2640 3367 2709 3414 le-

1661 3451 1833 3514 gitur:
1872 3449 2133 3509 ambulas,
2164 3447 2331 3496 δοῦλος
2363 3443 2611 3506 μισθωτὸς,
2649 3444 2712 3493 ἅς

1650 3527 1850 3586 ’,Εννιος
1868 3527 1900 3576 i.
1918 3524 2257 3585 ’,Αεύκιος
2280 3537 2461 3572 servus
2486 3522 2710 3572 conduc

1663 3604 1825 3665 titius,
1847 3609 1904 3652 ut
1926 3602 2000 3651 ait
2017 3600 2246 3651 Ennius-⁹
2267 3591 2461 3649 Paulus
2484 3614 2603 3649 vero
2627 3613 2709 3646 vo-

1659 3682 1757 3731 luit
1789 3681 2045 3729 sincerum
2082 3691 2169 3727 vas
2201 3679 2508 3738 incrustare,
2551 3685 2606 3728 et
2638 3678 2711 3725 ita

1662 3759 1865 3809 Gallica
1880 3758 2055 3821 lingua
2070 3755 2357 3806 ambactum
2375 3755 2574 3806 dictum
2599 3769 2712 3805 esse

1661 3835 2017 3900 scripsit,qnia
2029 3835 2082 3883 in
2094 3834 2475 3885 commentariis
2489 3834 2709 3884 Caesaris

1661 3915 1726 3963 de
1752 3915 1886 3964 bello
1921 3913 2125 3963 Gallico
2160 3913 2377 3976 legerat,
2398 3912 2708 3962 ‘Plurimum

1660 3993 1853 4042 circum
1885 4006 1940 4040 se
1971 3989 2235 4040 ambactos
2267 3989 2590 4055 clientesque
2624 3990 2709 4038 ha-

1661 4069 1785 4121 bet:
1820 4069 1941 4131 Sed,
1955 4076 2011 4118 ut
2030 4074 2184 4117 acute
2203 4067 2269 4116 ad
2296 4067 2574 4131 Vopiscum
2597 4068 2704 4117 Sol·

1658 4146 1866 4206 mesina,
1899 4160 1964 4195 ex
1989 4145 2159 4194 verbis
2183 4144 2403 4194 Caesaris
2426 4159 2527 4193 non
2552 4143 2710 4207 magis

1660 4225 1815 4274 liceat
1835 4222 2081 4286 colligere
2104 4221 2359 4294 Gallicam
2384 4235 2562 4271 vocem
2595 4234 2706 4270 esse

1655 4300 1891 4351 ambactos
1909 4313 2059 4365 qnam
2080 4299 2290 4348 clientes.
2323 4298 2431 4348 Cur
2451 4311 2554 4348 non
2575 4298 2706 4347 enim
