3020 4853
522 323 612 390 36

1213 334 1440 383 sssxw
1493 332 1800 382 pompm!
1852 332 2059 383 FsssTt

612 482 834 569 paleae
865 480 1064 546 etiam
1110 478 1417 564 quaedam
1461 477 1546 542 de
1587 477 1913 543 frumento
1959 496 2125 543 acus
2155 475 2487 544 dicuntur.
2575 475 2714 541 Ex-

615 587 866 651 ercitus
898 578 1162 668 quoque
1191 583 1539 647 instructio
1562 578 1616 662 3¹

1663 581 1846 666 quod
1879 601 1964 648 ea
2014 601 2172 666 pars
2203 582 2487 647 militum
2518 580 2717 645 vehe-

612 689 1024 754 mentissima
1072 693 1175 751 est
1224 686 1309 750 ad
1357 685 1617 751 hostem
1662 686 2137 752 vulnerandum
2190 686 2493 750 acumine
2543 683 2715 748 telo-

610 812 796 856 rum:
842 795 1052 857 totum
1113 796 1340 853 autem
1390 808 1479 852 ex
1543 788 1788 859 Graeco
1845 807 2138 853 sermone
2192 786 2515 868 trahitu13
2560 805 2711 849 cum

612 899 858 960 sarcire
884 894 1064 978 apud
1095 894 1249 957 illos
1280 889 1602 955 ἀκέσασθαι
1635 891 1897 957 dicitur.

527 997 713 1074 Αι),“ι
745 1005 861 1062 aut
890 997 1154 1082 proprie
1185 1014 1538 1079 personam
1589 993 1957 1078 sig-nificat3
2001 999 2076 1060 ut
2122 995 2225 1059 Eo
2271 993 2357 1059 ad
2398 993 2715 1076 Pompei-

613 1120 763 1166 um:
811 1107 926 1166 aut
952 1100 1196 1176 locum,
1226 1107 1297 1163 ut
1325 1098 1522 1164 Abiit
1552 1097 1637 1163 ad
1668 1098 2019 1165 theatrum.

525 1201 849 1286 Adagia,¹¹
880 1202 967 1268 ad
999 1203 1322 1285 agendum
1355 1208 1533 1287 apta.

527 1304 841 1384 Adasia,⁰
878 1306 1024 1370 ovis
1054 1306 1277 1371 vetula
1306 1305 1594 1370 recentis
1619 1290 1868 1389 partus.

526 1405 836 1472 Adaxint
857 1432 872 1474 :
894 1419 919 1458 Ρ
965 1408 1316 1492 adegerint.

1517 1645 1731 1696 NOTAE

522 1795 643 1859 quia
673 1808 734 1843 ea
763 1795 978 1858 capillos
1014 1795 1352 1858 distinguunt,
1391 1793 1583 1844 discer-

524 1880 673 1921 nunt.
740 1869 905 1920 Aoum
954 1872 1196 1922 crinalem
1242 1879 1394 1922 vocat
1439 1872 1583 1935 Apu-

432 2007 440 2015 ·
521 1948 673 1997 leius.
731 1948 1035 1998 Ornatrices
1058 1956 1229 1998 autem
1254 1963 1344 1998 nos
1363 1949 1581 1999 dicimus

517 2023 783 2087 coiffeuses.
849 2025 986 2074 Nam
1026 2024 1124 2074 fuit
1175 2027 1312 2090 apud
1357 2026 1581 2076 Veteres

519 2114 702 2149 munus
746 2100 871 2149 illud
918 2103 1197 2164 peculiare,
1240 2110 1298 2152 ut
1344 2104 1580 2169 quaedam

521 2176 722 2225 ancille
745 2177 864 2226 nihil
889 2178 1025 2227 aliud
1064 2186 1233 2228 essent
1259 2195 1409 2244 quiam
1431 2195 1582 2231 orna-

520 2252 694 2310 triceS,
713 2259 771 2303 ut
792 2252 1053 2319 hodieque
1069 2254 1206 2319 apud
1223 2270 1333 2305 nos.
1368 2257 1580 2307 Sueton.

514 2328 570 2376 in
602 2327 776 2377 Tiber.
805 2334 887 2379 40.
917 2332 933 2358 ⁸
962 2330 1093 2381 Haec
1136 2333 1313 2382 matris
1350 2348 1479 2384 meae
1524 2335 1580 2383 li·

518 2403 668 2455 berta
690 2412 747 2456 et
769 2407 1001 2457 ornatrix
1021 2406 1158 2460 fuit.’
1193 2410 1342 2460 Idem.

581 2482 595 2515 ¹
630 2485 886 2534 Exercitus
926 2501 1105 2550 quoque
1140 2487 1413 2552 instructio]
1470 2490 1581 2538 Fal-

516 2573 627 2607 sum
653 2565 764 2620 est;
786 2574 887 2610 non
907 2562 1040 2611 enim
1064 2578 1199 2612 acum
1221 2562 1311 2613 sed
1333 2566 1480 2614 aciem
1503 2566 1580 2614 di·

518 2635 704 2694 cimus,
726 2627 785 2684 ut
810 2637 1007 2699 optime
1028 2638 1274 2702 Scaliger.
1310 2641 1461 2690 Idem.

582 2718 617 2742 ¹¹¹
650 2711 755 2774 Aa]
789 2714 1022 2764 Deuotat
1055 2720 1246 2764 motum
1288 2717 1351 2765 ad
1394 2718 1578 2775 locum,

514 2788 641 2848 apud
664 2785 860 2837 factum
884 2789 935 2837 in
966 2791 1100 2839 loco.
1164 2791 1245 2840 Ad
1269 2792 1439 2842 verbis
1472 2808 1578 2843 mo·

517 2873 599 2912 tus
618 2864 963 2936 conjungitur,
982 2870 1106 2929 opud
1127 2882 1229 2917 non
1256 2870 1398 2918 item.
1447 2870 1579 2921 Inde

515 2939 743 2989 Lucilius
765 2942 875 2992 Sat.
898 2957 979 2993 rx.
1010 2947 1026 2972 ‘
1049 2945 1139 2994 Sic
1163 2952 1219 2994 et
1238 2947 1374 3009 apud
1400 2954 1451 2996 te
1469 2948 1579 2997 lon·

517 3031 583 3079 ge
619 3016 759 3066 aliud
797 3026 897 3081 est,
932 3034 1049 3069 nam
1077 3019 1211 3071 idem
1235 3023 1372 3073 valet
1408 3023 1472 3073 ad
1509 3030 1581 3090 te,

512 3094 663 3142 Intro
685 3109 777 3143 nos
801 3104 955 3146 vocat
978 3098 1040 3146 ad
1065 3113 1120 3147 se
1144 3114 1233 3150 se:
1270 3107 1416 3151 tenet
1433 3085 1580 3152 ‘intus

515 3168 654 3230 apud
683 3175 774 3226 se:
837 3171 1109 3223 Interdum
1140 3181 1314 3226 tamen
1347 3180 1409 3227 nd
1431 3179 1579 3228 sumi-

518 3251 607 3294 tur
631 3261 724 3308 pro
746 3249 893 3310 apud,
916 3258 973 3298 ut
997 3253 1120 3313 apud
1145 3266 1236 3314 pro
1255 3255 1333 3303 ud.
1371 3254 1535 3306 Idem.

579 3329 603 3354 ¹¹
640 3323 857 3387 Adagia]
892 3327 1033 3391 Lege
1057 3328 1267 3390 Δάας-ἑο.
1315 3332 1466 3383 Varr.
1491 3334 1580 3383 lib.

519 3411 600 3448 vr.
638 3399 703 3446 de
730 3401 786 3450 1..
812 3403 869 3451 1..
902 3405 918 3430 ‘
942 3402 1146 3467 Adagio
1180 3414 1236 3456 et
1269 3408 1420 3458 litera
1442 3426 1581 3460 com-

514 3481 716 3523 mutata
743 3475 928 3541 abagio
959 3479 1098 3529 dicta
1121 3483 1185 3531 ab
1208 3498 1270 3532 eo
1300 3486 1436 3549 quod
1471 3503 1576 3537 am-

514 3550 594 3599 bit
616 3553 919 3616 orationem,
937 3570 1103 3621 neque
1127 3558 1369 3626 inaliqua
1392 3577 1493 3613 una
1518 3580 1574 3614 re

513 3628 753 3679 consistit
789 3632 918 3692 sola,
937 3634 1174 3697 ambagio
1205 3635 1366 3699 dicta,
1390 3647 1575 3690 utum·

511 3701 719 3753 bustum
744 3707 883 3770 quod
909 3707 1104 3758 circum
1130 3721 1299 3762 ustum
1319 3714 1433 3764 est.'
1479 3718 1575 3766 Er·

510 3799 576 3848 go
596 3788 769 3849 adagio
805 3804 900 3851 pro
931 3791 1165 3854 ambagiv,
1191 3794 1329 3857 quod
1362 3795 1432 3845 sit
1465 3811 1573 3846 ser-

510 3875 593 3909 mo
625 3864 1105 3929 circumambulans,
1126 3877 1180 3918 et
1216 3873 1389 3921 multis
1415 3874 1571 3925 rebus

510 3939 674 4000 possit
707 3942 1002 3992 convenire.
1067 3945 1154 3994 Sic
1181 3946 1383 3997 Graecis
1413 3968 1572 4012 παροι-

506 4013 608 4072 μία,
646 4029 676 4063 a
714 4015 838 4078 παρὰ
876 4021 938 4066 ad
970 4027 1027 4069 et
1074 4018 1203 4080 οἶμος
1234 4024 1331 4070 via.
1398 4026 1573 4075 Gloss.

508 4093 523 4116 ‘
539 4090 745 4155 adagio,
759 4093 1014 4156 παροιμία]
1028 4096 1129 4145 Sed
1147 4112 1243 4146 vox
1259 4100 1345 4147 illa
1355 4101 1465 4162 jam
1481 4103 1570 4152 ob-

509 4169 765 4220 soleverat
783 4173 943 4236 ipsius
959 4175 1202 4225 Varronis
1229 4186 1419 4238 aetate3
1446 4183 1572 4229 scri-

512 4244 590 4294 bit
635 4248 769 4297 enim
815 4250 904 4300 lib.
943 4264 1017 4300 vr.
1070 4252 1262 4316 ‘Apud
1304 4256 1570 4307 Valerium

1661 1798 1911 1846 Soranum
1938 1802 2084 1846 vetus
2118 1797 2303 1861 adagio
2337 1804 2436 1861 est,
2466 1813 2496 1848 o
2521 1799 2582 1850 P.
2604 1799 2714 1851 sci-

1663 1874 1765 1936 pio.
1836 1874 1989 1926 Quod
2038 1874 2250 1924 verbum
2287 1889 2446 1941 usque
2488 1891 2551 1926 eo
2595 1892 2714 1927 eva·

1663 1951 1791 2005 nuit,
1815 1958 1871 2000 ut
1896 1950 2135 2001 Graerum
2170 1950 2387 2015 παροιμία
2418 1966 2514 2014 pro
2539 1967 2600 2002 eo
2624 1969 2714 2018 po·

1660 2028 1813 2076 situm
1837 2030 1995 2092 magis
2020 2029 2090 2077 ait
2108 2029 2377 2093 apertum.’
2401 2030 2553 2079 Idem.

1725 2113 1748 2137 ⁰
1781 2105 1985 2168 Adarin]
2009 2103 2069 2154 In
2084 2106 2283 2155 Glossis
2298 2105 2510 2155 Isidori:
2546 2106 2713 2157 ‘Ada-

1664 2183 1758 2244 sia,
1781 2185 1892 2233 ovis
1910 2184 2073 2247 major
2095 2183 2257 2232 natu!
2293 2185 2398 2233 Jos.
2424 2185 2552 2235 διαὶ.

1726 2259 1927 2322 Adarin]
1965 2258 2150 2309 Isidor.
2187 2262 2202 2287 ‘
2228 2258 2433 2317 Adasia.
2466 2261 2572 2311 ovis
2610 2277 2714 2311 ma·

1655 2337 1738 2400 jor
1763 2336 1926 2386 natu!
1990 2336 2091 2386 Sed
2127 2337 2247 2401 quid
2272 2337 2364 2387 fiet
2386 2338 2486 2387 illis
2513 2340 2716 2389 recentis

1660 2411 1865 2477 pareus?
1913 2412 2199 2465 Dubitabat
2221 2414 2559 2466 Doctissimus
2589 2415 2715 2466 Vos-

1660 2496 1763 2545 sius
1786 2510 1906 2545 num
1928 2494 2095 2544 adonia
2118 2495 2184 2543 sit
2201 2508 2293 2558 pro
2314 2495 2506 2558 adaoeia,
2524 2500 2716 2560 praeter

1659 2581 1866 2623 aetatem
1888 2571 2076 2621 adacta
2097 2571 2161 2620 ad
2187 2578 2411 2634 partum,
2435 2571 2499 2621 ab
2517 2572 2717 2621 adua-int

1659 2663 1753 2714 pro
1782 2649 2048 2710 adegerint.
2115 2648 2226 2711 Ego
2265 2648 2437 2712 potius
2477 2649 2716 2698 existimo

1660 2725 1760 2773 ista
1793 2725 1998 2773 recentis
2033 2729 2198 2786 portus
2234 2724 2713 2789 interpretationem

1658 2816 1772 2851 esse
1791 2804 1929 2852 vocis
1943 2801 2279 2866 *parba-oxon·
2298 2802 2714 2867 primogenitus!

1661 2877 1746 2928 Ita
1769 2884 1826 2926 ut
1850 2878 1997 2928 Pauli
2026 2880 2179 2930 verba
2203 2880 2276 2929 sic
2298 2881 2633 2943 intelligenda
2662 2887 2716 2932 et
2781 2894 2785 2897 ⁴

1659 2953 2022 3017 distinguenda
2054 2957 2156 3005 sint
2182 2957 2382 3017 Adarin,
2413 2957 2513 3006 ovis
2540 2959 2716 3015 ulula.

1659 3031 1863 3079 recentis
1879 3037 2064 3095 partus.
2131 3031 2193 3080 Id
2223 3041 2321 3094 est,
2349 3031 2714 3097 primogenita,

1659 3106 1711 3157 id
1736 3116 1834 3163 est,
1851 3123 2003 3172 quam
2030 3109 2224 3158 recenti
2241 3108 2351 3157 sive
2374 3108 2537 3172 primo
2561 3117 2714 3173 partu

1659 3192 1824 3235 mater
1857 3187 2079 3250 peperit,
2102 3191 2158 3235 et
2181 3184 2303 3235 inde
2326 3194 2473 3248 patet
2508 3201 2601 3236 cur
2621 3188 2716 3237 Isi·

1659 3259 1816 3310 dorus
1834 3262 2045 3324 dixerit,
2067 3269 2082 3291 ⁸
2105 3263 2214 3312 ovis
2238 3261 2398 3326 major
2415 3261 2574 3312 natu-⁹
2629 3264 2716 3314 Sie

1659 3336 1794 3385 infra
1812 3345 1828 3368 ⁸
1856 3338 2055 3398 avillas,
2073 3350 2228 3402 agnas
2253 3338 2472 3388 recentis
2496 3340 2718 3403 partus-⁹

1661 3414 1796 3463 Nam
1820 3415 1988 3463 avillae
2012 3429 2157 3479 agnae
2184 3416 2392 3464 vetulas.
2425 3417 2551 3466 Duc.

1721 3497 1747 3532 Ρ
1781 3490 2026 3556 Adaxint]
2091 3492 2262 3542 Plaut.
2316 3491 2550 3544 Aulular.
2605 3497 2714 3545 Jos.

1658 3567 1789 3618 Seni.

1720 3646 1962 3711 Maxime]
1997 3646 2174 3697 Plant.
2209 3646 2381 3696 Aulul.
2406 3662 2444 3697 1.
2471 3653 2517 3697 1.
2553 3650 2569 3678 ‘
2597 3650 2716 3699 Uti-

1657 3738 1773 3773 nam
1793 3737 1872 3773 me
1893 3724 2014 3773 Divi
2038 3723 2254 3774 adaxint
2275 3725 2341 3773 ad
2364 3725 2716 3788 suspendium.

1654 3799 1840 3850 Potius
1861 3814 2012 3866 quam
2045 3799 2252 3866 quidem
2273 3801 2371 3851 line
2394 3809 2550 3864 pacto
2572 3802 2712 3866 apud

1655 3883 1708 3926 te
1747 3878 2002 3927 serviam!
2070 3876 2150 3927 Ad
2185 3892 2337 3942 quem
2377 3879 2543 3927 locum
2574 3880 2712 3929 male

1656 3956 1857 4004 Nonius
1879 3943 2078 4004 αάαἰὶιε
2101 3953 2232 4004 dixit
2248 3969 2360 4006 esse
2382 3970 2476 4020 pro
2491 3957 2711 4019 adigant.
2804 4009 2808 4014 ,

1655 4030 1787 4079 Nam
1845 4030 2120 4080 manifesto
2175 4045 2267 4094 pro
2308 4034 2573 4094 adegerint.
2624 4033 2710 4081 rel

1652 4109 1808 4158 etiarn
1856 4124 1951 4174 pro
1996 4110 2224 4169 eduxerat,
2283 4124 2375 4173 pro
2417 4110 2709 4172 adegissent.

1653 4186 1788 4235 Dae.
