3020 4853
597 360 695 409 nss
743 360 1154 410 vssRBoRUn
1204 361 1826 411 Sicuti-’tcA'moNss
1876 365 2019 413 [AB.
2068 365 2230 413 vui.
2398 348 2527 416 ml

331 503 584 570 Hastae
614 505 1164 591 subjiciebanturi
1209 526 1313 585 ea,
1343 526 1490 590 quae
1520 508 1791 592 publice
1818 509 2328 575 venundabant:
2371 513 2528 595 quia

421 610 688 693 signum
705 612 1125 697 praecipnum
1154 621 1173 661 ³
1219 619 1324 677 est
1340 613 1558 678 hasta.
1634 613 1811 679 Nam
1834 621 1901 679 et
1925 613 2477 698 Carthaginenses
2500 612 2525 651 ¹¹

418 732 572 778 cum
603 713 854 779 bellum
886 715 1157 792 vellent,
1186 714 1475 780 Romam
1500 717 1764 782 hastam
1787 719 2156 784 miserunt:
2188 725 2254 784 et
2280 718 2528 784 Roma-

416 817 490 881 ni
520 815 724 882 fortes
755 818 941 883 viros
968 838 1152 903 saepe
1173 819 1369 884 hasta
1389 818 1733 886 donarunt.

329 918 638 998 HRBES,¹
680 923 888 987 retusi
915 923 1261 988 acuminis.

329 1021 670 1101 Hecate,¹¹²
701 1024 946 1103 Diana,
970 1025 1205 1090 eadem
1227 1027 1585 1109 putabatur
1602 1037 1632 1076 ⁴
1662 1035 1729 1093 et
1756 1030 1933 1109 luna,
1957 1040 2026 1098 et
2048 1031 2482 1117 Proserpina.

329 1123 608 1191 Hedera
630 1135 658 1162 ⁰
699 1126 905 1204 dicta,
950 1128 1130 1212 quod
1175 1129 1467 1212 haereat3
1526 1132 1669 1197 sive
1717 1134 1899 1216 quod
1946 1135 2125 1202 edita
2164 1142 2368 1219 petat,
2406 1136 2521 1202 vel

417 1231 576 1313 quia
606 1230 700 1309 id,
731 1231 844 1296 cui
884 1230 1274 1310 adhaeserit,
1305 1233 1500 1298 edat:
1549 1249 1702 1318 quae
1733 1236 1802 1300 in
1834 1238 2046 1303 tutela
2076 1238 2299 1304 Liberi
2329 1245 2526 1324 puta-

415 1334 617 1399 batur
643 1354 818 1413 esse,
851 1337 1012 1419 quia
1036 1343 1110 1402 nt
1128 1335 1242 1401 ille
1258 1337 1531 1421 juvenis
1559 1357 1843 1424 semper,
1874 1342 1975 1406 ita
2004 1341 2154 1407 haec
2185 1344 2350 1409 viret
2374 1362 2391 1405 ε
2421 1342 2529 1410 vel

416 1439 576 1521 quia
603 1439 703 1504 ita
732 1441 972 1520 omnia,
1004 1441 1185 1506 sicut
1215 1440 1328 1505 ille
1360 1448 1612 1507 mentes
1636 1443 1991 1524 hominum,
2017 1445 2248 1529 illigat.

325 1539 797 1622 Heliconides,
823 1562 1037 1630 musae
1068 1564 1111 1609 a
1141 1551 1360 1610 monte
1395 1545 1735 1611 Helicone
1768 1555 2047 1615 vocatae.

325 1642 738 1724 Heluacea,⁰
781 1666 986 1730 genus
1015 1647 1380 1712 ornamenti
1423 1647 1648 1733 Lydii,
1682 1650 1937 1716 dictum
1970 1671 2012 1716 a
2041 1652 2270 1718 colore
2299 1652 2523 1733 boum,

415 1747 531 1831 qui
556 1752 661 1813 est
684 1749 853 1814 inter
874 1750 1092 1816 rufum
1122 1758 1191 1816 et
1219 1752 1466 1830 album,
1498 1752 2013 1839 appellaturque
2043 1755 2308 1821 heluus.

323 1850 702 1929 Helucus,¹’
748 1854 831 1918 ab
862 1853 1045 1920 hiatu
1077 1863 1144 1920 et
1171 1855 1578 1920 oscitatione
1610 1856 1855 1923 dictus.

315 2155 351 2202 ⁸
376 2152 525 2203 ‘Vox
541 2154 830 2220 precipuum
844 2155 982 2207 forte
1004 2158 1254 2209 mutanda
1276 2160 1326 2209 in
1344 2159 1538 2224 pretii!
1560 2159 1705 2211 Fulv.
1732 2158 2008 2209 Uram—⁴
2030 2158 2126 2208 Ed.
2149 2159 2285 2210 Scal.
2310 2165 2522 2224 putatur.

1321 2307 1536 2359 NOTAE

388 2415 414 2452 ¹²
459 2416 712 2485 Handga]
754 2420 909 2487 Ἀριξ,
953 2423 1096 2474 arten.
1182 2423 1386 2474 Inserto
1469 2430 1623 2474 acuta
1646 2421 1850 2473 hebetia
1892 2421 2122 2485 proprie,
2154 2426 2208 2470 et
2249 2434 2345 2486 per
2367 2429 2527 2472 meta·

318 2495 516 2560 dignm.
541 2496 671 2549 AEol.
695 2494 845 2562 ἅρπιξ.
883 2501 1066 2565 Aruix,
1086 2500 1207 2551 inde
1224 2501 1385 2551 lemi-
1465 2500 1677 2566 phorarn
1701 2500 1930 2548 bomine·
1953 2497 2149 2561 stupidi
2179 2507 2234 2548 et
2258 2498 2415 2547 crassi
2438 2497 2528 2547 he-

314 2588 412 2635 ge,
435 2573 643 2636 proprie
666 2573 856 2639 hostia,
887 2592 1003 2628 cum
1024 2579 1161 2627 aries
1186 2579 1386 2628 scilicet
1471 2578 1618 2628 beten
1641 2576 1770 2626 dicti
1794 2583 1931 2625 sunt.
1966 2574 2116 2625 Idem-

317 2648 670 2700 mactahatnr.
722 2652 824 2702 Sed
849 2661 1034 2717 postea
1056 2654 1249 2719 qumvis
1273 2656 1386 2704 bos-

319 2728 420 2790 tia,
438 2726 585 2791 eujtia
603 2734 726 2778 exta
743 2729 1171 2795 inspiciebantur,
1186 2732 1388 2795 beniga

321 2802 491 2852 dicta.
557 2803 624 2853 In
661 2807 873 2870 antiqua
912 2806 1293 2859 Mediolanensi
1318 2809 1389 2859 le·

319 2882 499 2946 gitur:
542 2881 767 2945 Huniga
787 2884 1031 2934 dicebatur
1050 2885 1224 2947 huin,
1253 2885 1389 2948 exitu

318 2959 388 3007 ad
424 2958 616 3022 hepatia
637 2958 928 3025 inspicienda
950 2963 1270 3012 conducuntur
1291 2963 1388 3013 an·-

317 3032 406 3085 oli.
481 3034 632 3085 Unde
670 3035 916 3087 Vossius:
963 3034 1121 3100 'cnjus
1153 3041 1216 3088 ad
1251 3039 1395 3102 hepar

318 3117 390 3236 etd
409 3115 526 3160 exta
561 3111 848 3176 inspicienda
883 3116 1210 3165 conducuntur
1231 3114 1388 3164 arioli.

321 3189 348 3239 1
393 3203 493 3238 em.

392 3263 407 3297 ⁸
441 3263 616 3315 Hasta
650 3265 1040 3331 subjiciebantur]
1098 3268 1226 3318 Cum
1264 3268 1388 3334 qnid

1534 2662 1568 2686 ¹¹·
1601 2653 1807 2717 Hecate]
1845 2654 1970 2702 Eam
1995 2651 2046 2700 in
2077 2652 2209 2701 eoelo
2238 2652 2451 2710 Lunam,
2475 2652 2526 2702 in

1469 2732 1625 2782 terris
1662 2733 1906 2791 Dianam,
1939 2730 1989 2779 in
2028 2726 2217 2778 Inferis
2255 2728 2528 2792 Proserpi·

1474 2823 1591 2857 nam
1606 2806 1788 2869 fuisse,
1812 2806 1980 2872 poe‘tae
1999 2804 2322 2856 fabulantur.
2373 2805 2526 2856 Unde

1470 2893 1525 2935 et
1546 2884 1809 2947 tergemina
1832 2884 1993 2932 dicta.
2029 2880 2134 2930 Alii
2164 2888 2334 2929 tamen
2359 2881 2527 2931 diver·

1471 2976 1557 3011 aas
1581 2961 1796 3011 faciunt.
1834 2961 1981 3008 Idem.
2444 3000 2449 3005 .

1556 3046 1579 3071 ¹³
1614 3036 1833 3101 Hedera]
1888 3038 2022 3086 Vide
2062 3037 2077 3064 ⁴
2104 3035 2364 3087 Ederam.’
2407 3037 2527 3087 Ant.

1470 3117 1602 3177 Aug.

1540 3191 1759 3256 Hedera]
1796 3190 1879 3241 Ab
1903 3189 2125 3253 edendo,
2149 3193 2309 3252 edera,
2335 3198 2388 3239 et
2412 3204 2527 3240 cum

1472 3269 1809 3333 aspiratione,
1833 3276 1890 3317 nt
1925 3266 2161 3316 solebant
2191 3268 2264 3316 illi
2288 3267 2528 3321 Veteres,

319 3340 537 3406 publice
556 3343 765 3393 venibat
785 3344 939 3394 hasta
962 3344 1279 3409 erigebatur,
1298 3360 1390 3394 nn·
1465 3346 1658 3395 Ioedera.
1728 3343 1895 3410 quue
1920 3343 2078 3406 magia
2098 3341 2271 3406 placet
2290 3357 2438 3406 quam
2464 3343 2529 3391 ab

324 3421 394 3470 de
435 3420 624 3485 passim
663 3420 801 3486 apud
840 3421 1062 3472 Veteres
1097 3422 1224 3472 ‘snb
1248 3424 1391 3472 basta

323 3496 537 3549 venire'
572 3501 822 3564 reperias.
901 3500 1032 3551 Inde
1071 3510 1244 3551 autem
1280 3516 1389 3551 mos

325 3575 586 3625 dedoctus
619 3575 845 3644 videtur,
880 3579 1016 3643 quod
1051 3579 1231 3642 primis
1267 3586 1393 3628 tem·

327 3652 543 3717 poribus
578 3667 640 3702 ea
677 3661 878 3707 tantum
902 3654 1105 3718 publice
1131 3655 1392 3712 venibant,

327 3743 448 3795 qna
477 3729 618 3780 bello
653 3740 810 3795 capta
846 3729 1072 3796 fuerant,
1105 3731 1280 3783 Graeci
1304 3747 1391 3781 vo-

326 3814 456 3857 cant
477 3805 759 3871 δορύιτητα.
789 3808 940 3858 Idem.

396 3882 420 3917 '¹
454 3887 585 3934 Nam
621 3891 668 3935 et
706 3885 1128 3949 Carthaginenses]
1169 3884 1255 3935 Sic
1294 3884 1393 3933 Ro·

328 3961 468 4011 mani
509 3962 563 4011 in
602 3975 778 4010 eorum
815 3961 966 4025 fines,
993 3960 1178 4026 quibus
1205 3960 1394 4010 bellurn

329 4037 657 4103 indicebant,
682 4039 880 4088 hastam
900 4039 1194 4089 mittebant.
1231 4039 1394 4089 Quem

331 4131 526 4166 rnorem
553 4116 676 4165 alibi
700 4115 877 4167 fusius.
942 4116 1077 4166 Vide
1111 4118 1125 4143 ‘
1145 4113 1396 4166 Bellona.’

333 4196 489 4246 Idem.

398 4272 412 4307 ¹
434 4271 625 4337 Hebes]
649 4273 883 4337 Corpora
905 4274 1091 4325 obtusa
1113 4278 1166 4323 et
1192 4271 1397 4321 minime

1473 3421 1732 3478 haerendo,
1746 3435 1860 3469 nam
1878 3420 2086 3470 tertium
2112 3429 2341 3484 etymon,
2359 3423 2375 3448 ⁸
2392 3418 2531 3486 quod

1473 3500 1618 3550 edita
1677 3498 1859 3561 petat,'
1925 3498 2159 3562 ineptum
2227 3497 2379 3562 plane
2435 3504 2534 3548 est.

1478 3576 1631 3627 Idem.

1534 3662 1559 3687 ⁰
1593 3651 1858 3716 Reimea]
1913 3650 2114 3700 Heluus
2155 3648 2344 3698 dicitur
2388 3648 2533 3698 color

1473 3730 1610 3780 inter
1636 3726 1802 3777 rufum
1826 3734 1880 3777 et
1904 3725 2090 3787 album,
2113 3725 2177 3773 ab
2203 3725 2398 3775 AEolico
2419 3724 2536 3774 πέλ.-

1474 3816 1582 3870 φος,
1627 3807 1792 3869 niger,
1833 3803 2029 3864 fuscus,
2070 3801 2306 3864 pallidus.
2382 3803 2533 3851 Varr.

1475 3885 1567 3933 lib.
1592 3896 1650 3934 u.
1687 3882 1754 3931 de
1780 3882 1840 3932 R.
1866 3880 1930 3930 R.
1964 3881 1979 3905 ⁴
1999 3880 2182 3929 Colore
2212 3878 2535 3943 potissimum

1478 3963 1644 4025 nigro,
1701 3957 1892 4009 deinde
1939 3957 2118 4017 rubeo,
2163 3956 2319 4030 tet-,tio
2364 3956 2535 4020 belno,

1475 4044 1662 4104 quarto
1707 4034 1860 4085 albo.’
1943 4033 2027 4083 Ab
2071 4033 2248 4094 heluus,
2286 4033 2537 4096 helnonis,

1476 4114 1728 4168 heluinus,
1773 4118 1827 4160 et
1874 4110 2168 4173 helttaceus,
2200 4109 2284 4176 qui
2329 4109 2531 4159 belnum

1477 4194 1702 4244 colorem
1731 4187 1909 4239 refert.
1935 4189 2082 4237 Idem.

1543 4278 1569 4311 Ρ
1608 4267 1837 4331 Heium]
1871 4265 2006 4316 Vide
2031 4273 2045 4295 ⁴
2067 4262 2290 4315 Elucua.'
2324 4265 2470 4314 Idem.
