3020 4853
535 372 632 417 ΠΒ
685 370 1095 420 VERBORUM
1146 372 1767 423 stommca'rlouss
1816 377 1962 425 1118.
2011 380 2177 428 xvt.

2354 368 2482 433 789

288 515 707 581 Ruminalis*
755 516 939 584 dicta
982 526 1089 583 est
1131 518 1324 598 ficus,
1370 521 1554 606 quod
1599 525 1726 588 sub
1771 544 1853 590 ea
1897 526 2130 593 arbore
2203 530 2479 616 [Paua.

372 619 538 703 lupa
580 640 930 687 mammam
963 622 1150 690 dedit
1181 624 1400 690 Romo
1444 635 1513 691 et
1547 625 1885 694 Romulo:
1931 651 2218 697 mamma
2249 644 2481 699 autem

373 725 625 788 rumis⁵
671 724 954 790 dicitur:
1008 727 1186 792 unde
1241 735 1308 792 et
1367 731 1598 795 rustici
1644 733 1987 816 appellant
2044 736 2277 801 haedos
2323 741 2483 802 sub-

373 846 679 906 rummoS,
714 831 828 913 qui
853 831 1072 896 adhuc
1104 833 1230 896 sub
1266 835 1571 897 mammis
1598 834 1944 900 habentur.

290 926 685 993 Ruminalem
695 933 898 1016 ficum
922 931 945 969 ¹<
975 934 1367 1019 appellatam
1388 937 1484 1002 ait
1507 938 1725 1004 Varro
1734 961 1931 1024 prope
1959 940 2196 1006 curiam
2224 944 2315 1027 [F
2322 960 2478 1008 sss'r.

372 1032 488 1096 sub
540 1037 885 1117 veteribuS,
930 1039 1115 1122 quod
1163 1041 1288 1105 sub
1341 1060 1426 1105 ea
1477 1039 1696 1106 arbore
1750 1040 1933 1129 Lupa
1980 1067 2217 1108 rumam
2247 1045 2483 1110 dederit

378 1136 598 1203 Remo
632 1147 696 1204 et
725 1140 1041 1220 Romulo,
1074 1142 1142 1205 id
1171 1158 1282 1222 esc,
1318 1166 1675 1209 mammam.-
1723 1169 1994 1214 mamma
2029 1157 2251 1214 autem
2272 1153 2481 1216 rumis

1181 1345 1549 1365 oneoomeee

352 1442 382 1484 5
418 1436 541 1487 Vct.
567 1439 654 1489 lib.
672 1456 846 1491 winus.

1285 1606 1498 1657 NO‘rAE

354 1732 368 1763 ¹
403 1732 692 1797 Ruminalis]
747 1733 920 1786 Infra:
970 1737 1146 1787 Ficum
1174 1737 1351 1788 Rumi-

289 1808 460 1857 nalem
497 1812 810 1872 appellatam
851 1814 925 1862 ait
959 1814 1131 1864 Varro
1152 1830 1182 1863 a
1207 1824 1349 1865 vete-

287 1883 453 1944 ribus,
477 1887 616 1948 quod
639 1888 734 1935 sub
758 1902 819 1937 ea
843 1890 1025 1940 arbore
1052 1891 1171 1953 lupa
1192 1906 1351 1941 mam·

289 1975 425 2010 mam
445 1962 605 2012 Remo
620 1973 673 2012 et
687 1964 903 2015 Romulo
916 1967 1139 2018 dederit.
1183 1969 1350 2018 Mam-

293 2053 379 2088 ma
400 2049 573 2090 autem
605 2040 789 2092 Rumis
814 2043 1024 2094 dicitur.
1090 2045 1243 2096 Unde
1267 2062 1351 2109 ag·

293 2128 389 2165 nos
414 2124 619 2167 veteres
655 2117 929 2169 subrumos
963 2121 1237 2179 vocabant,
1261 2124 1351 2185 qui

289 2192 391 2243 sub
415 2196 647 2245 mammis
663 2205 869 2248 esseut:
905 2198 992 2247 alii
1016 2207 1191 2248 antem
1214 2205 1353 2261 sunt,

293 2270 384 2334 qui
407 2280 612 2336 putent,
635 2273 769 2338 quod
802 2274 898 2323 snb
932 2288 994 2324 ea
1019 2289 1178 2340 pecus
1201 2276 1353 2326 rumi-

289 2350 404 2398 nari
430 2350 635 2399 solitum
659 2359 817 2401 esset.
853 2353 961 2402 dos.
983 2352 1113 2412 διαὶ.

359 2423 383 2458 ¹¹
419 2428 719 2479 Ruminalem
725 2430 902 2497 ficum]
943 2433 1089 2481 Duas
1114 2432 1353 2482 Rumina-

292 2505 373 2554 les
389 2502 516 2554 ficus
535 2503 692 2554 fuisse
715 2514 913 2556 certum
940 2515 1037 2565 est,
1062 2509 1277 2559 alteram
1303 2510 1355 2558 in

293 2581 561 2645 Get-malo,
596 2583 692 2632 sub
729 2600 832 2648 qua
868 2587 1058 2635 Remus
1090 2593 1146 2635 et
1169 2586 1356 2635 Romn-

292 2657 376 2709 lus
402 2675 432 2709 a
460 2659 584 2725 lupa
617 2661 817 2724 nutriti,
851 2663 1067 2713 alteram
1108 2665 1160 2712 in
1199 2665 1356 2714 comi·

293 2737 391 2799 tio,
437 2751 552 2801 quae
592 2738 802 2801 proprie
852 2738 1021 2789 Navia
1066 2739 1356 2790 dicebatur.

291 2814 582 2875 Utramque
629 2814 680 2862 in
725 2820 917 2864 octava
960 2816 1102 2865 urbis
1146 2818 1357 2881 regione

291 2891 449 2952 ponit
482 2891 704 2941 Victor:
739 2898 755 2921 ⁸
781 2893 933 2942 Ficus
978 2894 1260 2944 Ruminalis
1302 2902 1360 2944 et

293 2970 553 3032 Lupercal
614 2969 845 3032 virginis.
932 2970 1189 3021 Columna
1241 2985 1356 3022 cum

292 3053 476 3096 statua
494 3047 571 3095 Μ.
594 3045 782 3096 Ludii!
853 3046 985 3097 Haec
1005 3054 1086 3098 est
1109 3063 1230 3097 vera
1252 3049 1357 3098 Ru·

293 3122 519 3171 ruinalis.
589 3121 774 3185 Pergit
796 3123 1015 3173 Victor:
1048 3126 1063 3151 ⁸
1082 3124 1235 3174 Ficus
1258 3126 1360 3175 Ru·

291 3199 499 3248 minalis
538 3200 590 3248 in
624 3199 855 3264 comitio,
889 3201 976 3251 ubi
1011 3208 1067 3251 et
1106 3203 1360 3265 Lupercal

294 3276 453 3326 AEdes
482 3277 687 3340 Vejovis
713 3278 849 3326 inter
876 3292 1046 3327 arcem
1069 3287 1124 3327 et
1147 3279 1358 3342 Capito-

293 3355 422 3404 lium
458 3369 620 3417 prope
650 3355 882 3418 asylum.’
950 3355 1082 3406 Haec
1115 3364 1197 3406 est
1232 3355 1361 3406 ficus

294 3435 491 3486 Navia.
558 3434 629 3485 At
653 3435 720 3484 de
744 3434 914 3484 Navia
944 3432 1047 3484 ficu
1068 3435 1178 3499 jam
1201 3450 1360 3499 snpra

292 3513 406 3575 egit
432 3513 631 3561 Festus.
703 3511 806 3561 Hic
832 3510 986 3575 igitur
1013 3510 1080 3560 de
1108 3526 1234 3562 vera
1255 3511 1358 3562 ficu

292 3589 561 3639 Ruminali
626 3589 737 3653 ejus
801 3590 956 3638 verba
1021 3589 1361 3652 intelligenda

293 3677 440 3722 sunt,
459 3666 594 3730 quod
613 3674 669 3716 et
684 3666 804 3715 olim
822 3665 1188 3715 animadvertit
1210 3666 1358 3729 Mag·

293 3759 397 3794 nus
419 3744 691 3793 Salmasius
706 3743 757 3792 iu
777 3741 1236 3792 exercitationibus
1251 3742 1358 3790 Pli-

295 3823 491 3884 nimis,
516 3822 603 3870 ubi
644 3822 805 3870 initlta
833 3820 988 3869 docte
1021 3824 1077 3868 et
1115 3826 1359 3867 accurate

296 3901 369 3949 de
403 3907 624 3963 utraque
657 3898 757 3946 ficu
797 3896 1082 3952 annotavit,
1120 3896 1210 3945 sed
1245 3897 1360 3959 quis

297 3977 531 4027 nondum
553 3975 675 4024 milti
696 3975 773 4023 nti
811 3974 1101 4035 contigerat
1131 3986 1248 4021 cum
1273 3974 1361 4022 ho-

301 4068 421 4105 rum
447 4052 691 4102 librorum
714 4051 944 4101 decImus
975 4058 1190 4116 quartus
1227 4051 1364 4114 typis

297 4128 652 4182 mandabatur
689 4146 701 4177 ε
755 4129 868 4179 ltaec
911 4128 1047 4178 enim
1098 4125 1212 4176 fere
1252 4129 1361 4194 sine

298 4206 453 4257 libris
499 4204 785 4267 scribimus,
830 4219 958 4270 quos
994 4204 1168 4269 patria
1208 4204 1361 4267 longe

302 4287 320 4313 ⁸
339 4283 482 4335 dulci
505 4282 715 4335 distinet
750 4281 804 4334 iu
832 4280 1018 4338 domo-⁹
1085 4281 1256 4336 Quare
1280 4290 1362 4333 est

1422 1743 1566 1788 certe
1607 1736 1744 1802 qnod
1790 1736 2045 1802 gaudeam
2093 1751 2174 1786 me
2218 1738 2269 1787 in
2317 1736 2485 1787 Navia
2561 1764 2566 1769 ·

1420 1813 1523 1863 ficu
1558 1821 1743 1863 contra
1782 1808 2013 1862 ‘mentem
2054 1814 2303 1877 scaligeri
2343 1814 2488 1863 illus·

1424 1889 1607 1940 tranda
1641 1898 1697 1940 et
1733 1890 1966 1954 putanda
1994 1890 2152 1954 juxta
2176 1892 2339 1939 virum
2363 1890 2487 1940 doc·

1422 1966 1674 2016 tissimum
1709 1965 1821 2016 fere
1846 1981 1943 2031 per
1961 1968 2131 2017 omnia
2151 1968 2225 2017 sic
2247 1968 2486 2017 sensisse.

1423 2045 1553 2108 Ejus
1593 2043 1755 2093 verba
1788 2044 1842 2094 in
1882 2042 1983 2093 fine
2017 2044 2295 2105 addentur,
2328 2051 2386 2093 ut
2425 2058 2488 2092 ea

1424 2136 1541 2171 cum
1576 2120 1677 2170 illis
1712 2135 1841 2185 quas
1880 2120 1932 2169 in
1968 2120 2131 2170 Navia
2166 2119 2314 2169 dicta
2348 2128 2489 2177 sunt,

1424 2198 1591 2248 lector
1613 2196 1852 2247 conferre
1874 2196 2055 2260 possit.
2106 2196 2399 2246 Redeamus
2420 2196 2487 2246 ad

1425 2274 1658 2324 Festum.
1724 2272 1815 2323 Ait
1836 2270 1990 2323 ficum
2025 2273 2347 2323 Ruminalem
2372 2286 2491 2335 pro·

1426 2365 1494 2415 pe
1517 2352 1711 2400 curiam
1735 2348 1914 2413 fuisse,
1935 2356 1990 2400 at
2012 2351 2157 2400 curia
2179 2350 2229 2399 in
2255 2350 2486 2399 comitio.

1426 2433 1547 2482 Non
1573 2439 1749 2496 potest
1771 2430 1932 2494 igitur
1952 2429 2064 2479 hoec
2087 2443 2201 2479 esse
2223 2444 2346 2478 vera
2363 2428 2490 2478 ficus

1430 2509 1715 2559 Ruminalis
1737 2524 1852 2574 qnae
1878 2508 1929 2556 in
1953 2507 2230 2559 Get-malo:
2271 2507 2367 2555 hoc
2389 2520 2489 2555 non

1428 2590 1604 2654 potuit
1645 2587 1940 2650 scrupulum
1976 2600 2155 2636 creare
2193 2585 2491 2636 doctlsstmo

1429 2664 1701 2722 Salmasio‚
1740 2663 1829 2728 qui
1886 2663 2301 2727 supplementum
2349 2661 2495 2711 Festi

1432 2757 1693 2807 nunquam
1721 2740 1869 2795 vidit,
1903 2739 2136 2804 adeoque
2169 2755 2232 2789 ex
2257 2739 2364 2788 sola
2386 2747 2496 2787 tan·

1430 2828 1541 2870 tum
1584 2818 1810 2880 epitome
1838 2816 2100 2881 judicavit
2139 2817 2219 2866 hic
2259 2815 2322 2864 de
2368 2817 2492 2864 vera

1428 2896 1534 2946 ficu
1559 2894 1816 2946 Ruminali
1840 2908 1870 2943 a
1902 2894 2061 2944 Festo
2096 2903 2271 2943 actum
2310 2890 2491 2940 fnisse.

1432 2976 1495 3025 In
1531 2973 1759 3037 epitome
1793 2986 1915 3022 vero
1947 2970 2073 3020 nihil
2107 2977 2188 3019 est
2219 2967 2355 3033 quod
2391 2982 2494 3016 non

1431 3053 1638 3117 utrique
1682 3049 1801 3101 ficui
1847 3065 1996 3116 teque
2052 3049 2347 3099 conveniat.
2413 3047 2495 3096 De

1433 3129 1605 3180 Navia
1628 3127 1764 3178 enim
1787 3126 1891 3176 ficu
1921 3126 2059 3177 idem
2089 3124 2335 3175 dicebant
2356 3123 2494 3186 quod

1430 3206 1495 3257 de
1514 3205 1794 3256 Ruminali.
1816 3203 1985 3254 Tacit.
2003 3203 2191 3253 Annal.
2212 3215 2340 3253 xm.
2363 3201 2379 3228 ‘
2399 3201 2495 3249 Eo·

1433 3282 1552 3336 dem
1599 3296 1736 3332 anno
1788 3280 2106 3332 Ruminalem
2160 3278 2397 3327 arborem
2443 3277 2494 3325 in

1433 3359 1668 3420 comitio,
1709 3373 1823 3424 qum
1863 3371 2018 3419 super
2068 3355 2401 3415 octingentos
2443 3360 2500 3401 et

1440 3438 1658 3502 triginta
1680 3442 1801 3485 ante
1819 3448 1996 3495 annos,
2016 3431 2168 3480 Remi
2193 3429 2497 3494 Romulique

1440 3512 1711 3565 infantiam
1759 3507 2001 3571 texerat:
2037 3511 2137 3557 διο.
2204 3508 2285 3556 De
2331 3506 2500 3556 Navia

1440 3590 1577 3640 enim
1600 3588 1845 3653 loquitur.
1894 3583 1994 3634 Sed
2021 3585 2201 3634 Festus
2223 3587 2238 3612 ⁸
2261 3583 2470 3633 Curiam
2489 3583 2502 3603 '

1439 3665 1747 3729 simpliciter
1779 3661 1911 3712 dixit
1945 3674 2097 3726 quam
2133 3660 2217 3708 alii
2256 3661 2272 3688 ‘
2293 3660 2500 3710 Curiam

1443 3738 1754 3796 Hostiliam:
1780 3754 1895 3805 quae
1917 3738 2124 3788 diversa
2147 3746 2226 3786 est
2250 3737 2315 3785 ab
2337 3737 2502 3786 altera

1443 3821 1622 3880 Curia,
1650 3832 1801 3883 quam
1836 3813 2177 3878 βουλευτήριον
2198 3815 2375 3862 Graeci
2411 3829 2499 3862 vo-

1444 3900 1585 3945 cant.
1620 3896 1637 3923 ·
1658 3895 1813 3943 Curia
1839 3893 2063 3944 Hostilia
2085 3894 2180 3944 sub
2207 3891 2505 3951 veteribus,-

1444 3974 1520 4023 ita
1543 3979 1757 4022 notatur
1779 3972 1831 4021 in
1856 3971 2207 4034 descriptione
2231 3969 2391 4026 urbis,
2415 3971 2502 4018 ubi

1444 4051 1557 4099 hec
1580 4058 1636 4099 et
1658 4049 1758 4098 illa.
1838 4048 1924 4098 Sic
1948 4050 2085 4096 enim
2110 4047 2159 4096 in
2184 4050 2231 4094 8.
2255 4046 2467 4110 regione
2492 4062 2507 4096 ι

1447 4132 1464 4159 ⁸
1484 4128 1663 4178 Curia.

1488 4204 1646 4256 Curia
1669 4202 1897 4255 Hostilia
1910 4200 2006 4255 sub
2022 4199 2319 4253 veteribus!
2344 4201 2474 4251 Dae.
