3020 4853
502 364 591 428 64

1173 372 1399 421 snxw
1454 371 1762 421 POMPBn
1815 370 2021 422 FBS‘H

505 519 839 591 Alterumf
865 520 1132 587 Sinnius
1177 520 1276 586 ait
1323 519 1496 584 idem
1543 519 1936 604 significare,
1968 518 2152 603 quod
2193 516 2371 601 apud
2406 514 2684 581 Graecos

590 627 790 717 ἕτερον.
877 626 1168 707 Quidam
1204 646 1358 691 vero
1386 644 1476 691 ex
1504 635 1785 711 utroque
1824 644 1971 690 esse
2007 621 2455 708 compositum
2501 617 2682 690 ἄλλος

591 744 656 799 et
681 728 880 819 ἕτερος.

500 838 733 903 Altum
757 844 784 882 ⁸
830 834 1094 920 proprie
1122 853 1297 898 mare
1325 832 1747 917 profundum.

499 941 697 1007 Altus
727 942 815 1006 ab
846 938 1083 1003 alendo
1108 936 1132 973 ¹¹
1163 937 1405 1016 dictus,
1434 937 1608 1003 alias
1637 938 1725 1003 ab
1758 935 2132 1001 altitudine.

500 1044 887 1111 Alucinatio
905 1040 952 1108 :¹
995 1042 1256 1108 erratio.

498 1142 915 1224 Alveolum,¹‘
958 1114 1184 1211 tabula
1213 1146 1559 1212 aleatoria.

499 1249 891 1316 Alumento¹
939 1270 1063 1336 pro
1104 1250 1562 1315 Laumedonte
1594 1270 1637 1315 a
1668 1249 1996 1315 veteribus
2028 1244 2355 1310 Romanis
2378 1263 2503 1309 nec
2527 1243 2685 1308 dnm

584 1355 886 1420 adsuetis
916 1354 1178 1420 Graecae
1206 1354 1452 1436 linguae
1475 1353 1721 1419 dictum
1753 1361 1880 1417 est.

1972 1351 2088 1415 Sic
2124 1349 2309 1415 Melo
2341 1369 2465 1433 pro
2499 1347 2684 1425 Nilo,

584 1457 953 1523 Catamitus
983 1476 1107 1543 pro
1137 1456 1568 1541 Ganymede:
1615 1454 1911 1541 Alphius
1953 1473 2077 1540 pro
2119 1453 2389 1538 Alpheo
2419 1451 2687 1516 diceba-

574 1566 697 1626 tur.

495 1663 717 1730 Alvus
752 1671 977 1730 venter
1007 1663 1377 1743 foeminae,¹¹²
1407 1665 1492 1730 ab
1527 1661 1765 1728 alendo
1797 1661 1976 1728 dicta
2005 1666 2127 1726 est.

1484 1882 1697 1934 Nom-3

560 1997 582 2029 f
607 2000 853 2065 Alterum]
888 1999 1027 2051 Olim
1067 1999 1341 2051 dicebatur
1371 2001 1553 2051 altem

494 2090 527 2123 a
559 2075 752 2127 Graeco
785 2077 951 2135 ἄλλος,
982 2076 1157 2142 ἔτερος,
1179 2079 1259 2127 vel
1279 2079 1470 2143 potius,
1493 2086 1553 2127 ut

494 2154 668 2217 piacet
691 2156 897 2221 Angelo
916 2157 1232 2220 Caninio,ab
1252 2157 1449 2208 AEolico
1463 2157 1552 2207 διλ-

493 2231 717 2297 Aoi-(Mos
756 2250 849 2299 pro
882 2235 1152 2300 ἀλλότριος.
1217 2235 1387 2285 AEoles
1412 2236 1552 2285 euim

493 2316 836 2375 transponunt
852 2321 905 2364 et
923 2317 1186 2378 geminant
1209 2331 1255 2376 ρ,
1277 2318 1332 2362 et
1353 2319 1555 2363 mutant

491 2404 508 2435 ι
525 2386 576 2436 in
595 2406 637 2446 ε,
655 2396 715 2439 ιιι
741 2386 980 2455 Hippenos
998 2405 1093 2456 pro
1114 2387 1334 2455 Πρίαμος.
1370 2389 1519 2440 Idem.

556 2470 582 2507 8
616 2465 807 2531 Altum]
831 2469 968 2520 Quis
994 2484 1106 2534 quae
1133 2467 1392 2534 profunda
1411 2473 1554 2531 sunt,

491 2553 554 2589 ea
589 2555 690 2590 nou
727 2550 942 2606 possunt
976 2559 1077 2594 non
1105 2558 1220 2594 esse
1256 2544 1380 2599 alta,
1414 2542 1554 2591 unde

492 2612 690 2664 facturn
729 2623 809 2665 est
844 2625 904 2666 ut
942 2620 1137 2668 sublime
1175 2620 1283 2668 sive
1317 2620 1468 2666 altam
1497 2625 1555 2667 et

489 2689 775 2754 prafundum
799 2693 1067 2756 reciproce
1093 2693 1227 2741 inter
1251 2706 1306 2741 se
1330 2705 1554 2740 commn-

494 2773 687 2816 tentur.
776 2767 907 2817 Inde
950 2768 1001 2817 in
1041 2767 1213 2818 Gloss.
1262 2767 1278 2795 ‘
1316 2766 1557 2829 altitudo,

492 2841 660 2903 βάθος,
683 2841 831 2906 ὕψος)
881 2844 1013 2893 Vide
1033 2845 1049 2871 ‘
1073 2840 1419 2907 profundum)
1477 2841 1554 2890 Id.

559 2918 583 2952 ¹¹
616 2920 762 2971 Altus
780 2920 840 2970 ab
860 2919 1050 2983 eundo]
1076 2920 1263 2970 Horat.
1288 2919 1304 2948 ⁶
1332 2933 1421 2969 vos
1442 2917 1555 2967 Οε-

492 3012 659 3048 sarem
700 2999 896 3049 altum!
962 3000 1150 3061 Altam,
1189 2998 1241 3048 id
1266 3004 1368 3060 est,
1403 2998 1553 3046 alum·

493 3089 739 3136 sammon
759 3089 882 3125 vero
898 3090 1141 3139 magnum,
1159 3082 1218 3124 ut
1239 3074 1449 3139 quidam
1469 3087 1554 3123 vo-

495 3151 629 3201 lunt.
711 3151 864 3203 Quod
919 3151 1148 3215 pluribus
1198 3150 1337 3213 apud
1384 3152 1553 3214 ipsum

499 3225 797 3289 Horatium,
843 3228 930 3291 qni
985 3227 1131 3276 brevi
1173 3227 1295 3277 Deo
1335 3228 1554 3291 juvante

495 3309 686 3353 metam
711 3303 953 3367 stringet.
990 3304 1140 3355 Iden.

559 3377 574 3412 ¹
596 3379 895 3442 Alucinatio]
917 3380 1186 3445 Alucinari,
1208 3382 1473 3441 allucinari,
1495 3387 1553 3432 et

493 3456 777 3506 λαὶὶιιείιισνι·
814 3460 1063 3522 scripturn
1095 3460 1352 3524 reperias:
1388 3460 1553 3510 aunci-

495 3533 605 3582 nnrs‘
626 3533 775 3599 quasi
795 3534 1081 3597 adimam-i,
1105 3535 1169 3585 ad
1194 3537 1360 3586 lucem
1384 3534 1551 3586 offen·

494 3608 640 3660 dere.
709 3610 861 3662 Quod
887 3611 952 3661 de
976 3611 1038 3661 iis
1060 3612 1251 3663 dicitur
1272 3616 1361 3679 qui
1394 3614 1554 3664 nimia

496 3685 611 3736 luce
632 3688 897 3737 oculorum
925 3689 1037 3738 acie
1063 3690 1361 3754 perstricta,
1384 3690 1552 3740 miuus

498 3763 713 3813 vident:
753 3764 829 3814 sic
862 3766 878 3793 ‘
903 3765 1256 3816 oblucinasse'
1276 3766 1343 3815 ob
1381 3768 1462 3816 vel
1483 3767 1550 3816 ad

495 3840 664 3890 lucem
691 3855 907 3892 errasse.
976 3843 1111 3892 Vide
1134 3858 1227 3892 suo
1250 3843 1383 3894 loco.
1448 3845 1552 3894 Ve-

497 3916 760 3967 risimilins
783 3924 955 3968 tamen
977 3927 1060 3970 est
1080 3920 1219 3984 qnod
1236 3919 1415 3969 docuit
1433 3933 1551 3970 eru·

498 3993 777 4044 ditissimus
797 3995 1077 4046 Salmasius
1098 3996 1330 4046 alueis-ari
1349 4011 1461 4046 esse
1483 3996 1553 4047 ab

497 4067 741 4121 ἂλῦσσιιν.
775 4072 1051 4122 Alucinatio
1073 4079 1154 4122 est
1167 4071 1342 4132 ἀλύκη.
1363 4071 1551 4135 χάσμη-

498 4164 592 4209 cas,
608 4156 667 4197 ut
692 4149 921 4212 Hesycli.
944 4150 1174 4215 exponit,
1192 4150 1242 4200 id
1264 4153 1552 4214 eudimus,

499 4225 617 4289 quis
640 4224 940 4289 frequentes
959 4227 1290 4276 oscitationes
1312 4228 1551 4278 oboriun-

501 4310 585 4357 tur
604 4302 678 4354 eis
700 4302 786 4370 qui
804 4303 955 4355 simili
972 4310 1214 4356 tenentur
1232 4305 1478 4370 languore
1495 4314 1552 4358 et

1632 2000 1896 2050 anxietate
1921 1998 2093 2049 animi.
2132 1998 2279 2047 Iden.

1697 2074 1721 2109 Β
1754 2074 2021 2139 Alveolam]
2059 2076 2189 2126 Nam
2222 2075 2419 2137 alveus,
2441 2078 2499 2122 ut
2521 2071 2686 2121 alveo·

1635 2154 1712 2203 ius
1736 2154 1801 2203 de
1828 2153 2003 2203 tabula
2027 2153 2236 2203 lusoria.
2273 2150 2423 2200 Idem.

1699 2229 1711 2263 ¹
1742 2228 2019 2293 Alemone]
2053 2228 2151 2279 Aio
2175 2229 2383 2277 Festum
2419 2228 2468 2276 in
2506 2225 2686 2290 depra-

1635 2316 1783 2359 vatos
1809 2307 2017 2359 codices
2041 2305 2373 2357 vetustissimi
2399 2303 2566 2368 poete
2607 2302 2686 2349 Li·

1635 2385 1704 2437 vii
1727 2384 2012 2436 Andronici
2038 2383 2295 2435 incidisse.
2364 2383 2498 2432 Nam
2521 2382 2536 2409 ⁸
2559 2381 2688 2430 Lau·

1635 2459 1836 2513 mento’
1871 2461 2006 2510 dixit
2032 2460 2220 2511 Livius.
2284 2459 2370 2509 Ita
2410 2457 2520 2508 fere
2557 2473 2686 2508 sem·

1636 2552 1728 2604 per
1742 2546 1945 2588 veteres
1962 2537 2152 2600 Latini,
2168 2538 2322 2586 etiam
2345 2537 2686 2601 posteriores:

1634 2621 1694 2664 nt
1720 2614 1998 2664 Petronius
2034 2619 2049 2642 ⁶
2072 2615 2334 2663 Lauconte
2357 2611 2399 2662 :’
2429 2614 2445 2641 ‘
2468 2611 2688 2662 Gemina

1635 2692 1745 2740 nati
1791 2690 2009 2755 pignora
2055 2688 2375 2739 hannonem·
2411 2695 2467 2738 et
2506 2688 2685 2737 Lauta·

1635 2766 1762 2829 usioe,
1803 2781 1903 2815 non
1941 2766 2229 2816 Iaotomioe:
2266 2764 2402 2832 quod
2426 2766 2686 2829 cognosci-

1637 2858 1747 2893 mus
1792 2859 1857 2892 ex
1900 2844 2127 2895 Seneca:
2175 2845 2249 2894 sic
2299 2842 2557 2905 Laudicea,
2595 2856 2684 2906 pro

1636 2920 1884 2971 Laodicea.
1953 2920 2150 2970 Plinius
2192 2921 2325 2970 libro
2366 2933 2430 2970 ιι.
2472 2921 2684 2983 Epistol.

1637 3000 1652 3026 ⁸
1679 2998 1812 3048 Nam
1836 2996 1904 3047 ibi
1932 2997 2208 3048 Laudiceni
2229 2995 2570 3054 dicebantur,'
2595 3011 2685 3061 per

1626 3070 1827 3138 =focum,
1863 3087 1963 3122 non
2003 3073 2142 3122 cives
2179 3072 2575 3135 Laodiceae,sed
2601 3073 2685 3136 qui

1636 3150 1815 3200 laudes
1837 3166 1953 3200 suas
1978 3150 2092 3200 cani
2119 3150 2337 3200 libenter
2367 3151 2678 3200 audiebant:

1636 3236 1693 3278 ut
1713 3235 1765 3277 et
1789 3228 1943 3278 iidem
1963 3242 2062 3277 non
2085 3227 2336 3277 inurbane
2370 3228 2683 3278 vocabantur

1631 3306 1909 3365 δοφοκλεῖι,
1955 3318 2058 3354 ιιοιι
2116 3311 2173 3353 ιιι
2225 3304 2437 3368 proprio
2475 3305 2677 3355 nomine

1630 3382 1836 3446 Tragici
1874 3380 2067 3444 poete,
2101 3380 2188 3430 sed
2220 3381 2342 3446 quia
2375 3383 2570 3444 grande
2604 3397 2682 3432 so·

1635 3460 1761 3524 phos
1801 3459 1902 3508 illis
1938 3458 2209 3508 dicebatur
2247 3473 2276 3507 a
2310 3459 2579 3510 conductis
2630 3466 2682 3509 et

1633 3536 1880 3586 redemtis
1907 3534 2261 3585 auditoribus-¹
2329 3537 2468 3601 Ergo
2501 3537 2680 3587 eodeni

1632 3613 1784 3662 rnodo
1808 3612 2062 3663 ΙΔιιιιιειιιο
2093 3628 2188 3679 pro
2215 3613 2542 3665 Laomedonte.
2575 3616 2681 3668 Jos.
2725 3663 2730 3666 ,

1701 3763 1974 3828 Alcmenen]
1997 3764 2213 3830 Optime
2237 3769 2434 3818 monuit
2453 3770 2682 3834 Scaliger

1634 3844 1842 3894 Festum
1865 3842 1915 3891 in
1939 3843 2250 3907 depravatos
2276 3845 2407 3895 Livii
2432 3845 2683 3897 Androni·

1632 3920 1680 3970 ci
1702 3919 1911 3969 codices
1944 3919 2198 3970 incidisse.
2265 3920 2502 3974 Fortasse
2524 3923 2679 3986 scrip·

1632 4004 1772 4047 serat
1795 3996 1978 4046 Festus
2000 3996 2250 4047 Alwueton
2281 4013 2371 4063 pro
2393 3999 2650 4050 amdan
2665 4017 2680 4048 .-

1633 4089 1837 4138 nempe,
1854 4075 2178 4139 transpositis
2207 4075 2371 4126 literis
2393 4093 2424 4126 a
2446 4082 2501 4126 et
2521 4078 2556 4139 1,
2576 4085 2627 4126 et
2648 4076 2680 4123 d

1634 4159 1833 4202 mutato
1876 4154 1927 4202 in
1965 4158 2006 4202 t.
2088 4152 2240 4205 Quod
2284 4161 2339 4203 et
2382 4154 2679 4204 doctissimo

1633 4230 1863 4280 Meursio
1899 4230 1952 4280 in
1995 4237 2219 4282 mentem
2265 4231 2419 4282 video
2464 4232 2675 4282 venisse.

1632 4305 1755 4356 Dac-
