<?xml version="1.0" encoding="UTF-8"?>
<!DOCTYPE html PUBLIC "-//W3C//DTD XHTML 1.0 Transitional//EN"
    "http://www.w3.org/TR/xhtml1/DTD/xhtml1-transitional.dtd">
<html xmlns="http://www.w3.org/1999/xhtml" xml:lang="en" lang="en">
 <head>
  <title>
</title>
<meta http-equiv="Content-Type" content="text/html;charset=utf-8" />
  <meta name='ocr-system' content='tesseract 3.04.00' />
  <meta name='ocr-capabilities' content='ocr_page ocr_carea ocr_par ocr_line ocrx_word'/>
</head>
<body>
  <div class='ocr_page' id='page_1' title='image "./mverriiflacciqu03flacgoog_0649.png"; bbox 0 0 3020 4853; ppageno 0'>
   <div class='ocr_carea' id='block_1_1' title="bbox 556 353 2171 408">
    <p class='ocr_par' dir='ltr' id='par_1_1' title="bbox 556 353 2171 408">
     <span class='ocr_line' id='line_1_1' title="bbox 556 353 2171 408; baseline 0.002 -3"><span class='ocrx_word' id='word_1_1' title='bbox 556 359 651 405; x_wconf 80' lang='lat' dir='ltr'><strong>DE</strong></span> <span class='ocrx_word' id='word_1_2' title='bbox 698 353 1105 407; x_wconf 75' lang='lat' dir='ltr'><strong>vssnnomm</strong></span> <span class='ocrx_word' id='word_1_3' title='bbox 1156 356 1964 408; x_wconf 49' lang='lat' dir='ltr'><strong>stommcsrtonssf‘mn.</strong></span> <span class='ocrx_word' id='word_1_4' title='bbox 2009 357 2171 408; x_wconf 81' lang='lat' dir='ltr'><strong>xlv.</strong></span> 
     </span>
    </p>
   </div>
   <div class='ocr_carea' id='block_1_2' title="bbox 2324 280 2474 411">
    <p class='ocr_par' dir='ltr' id='par_1_2' title="bbox 2324 280 2474 411">
     <span class='ocr_line' id='line_1_2' title="bbox 2324 280 2474 411; baseline 0 -117"><span class='ocrx_word' id='word_1_5' title='bbox 2324 280 2474 411; x_wconf 66' lang='lat' dir='ltr'><strong>esa‘</strong></span> 
     </span>
    </p>
   </div>
   <div class='ocr_carea' id='block_1_3' title="bbox 258 501 2461 1305">
    <p class='ocr_par' dir='ltr' id='par_1_3' title="bbox 258 501 2461 1305">
     <span class='ocr_line' id='line_1_3' title="bbox 264 501 2453 589; baseline 0.003 -27"><span class='ocrx_word' id='word_1_6' title='bbox 264 523 315 546; x_wconf 56' lang='lat'><strong>⁴-</strong></span> <span class='ocrx_word' id='word_1_7' title='bbox 365 506 567 577; x_wconf 87' lang='lat' dir='ltr'><strong>erant,</strong></span> <span class='ocrx_word' id='word_1_8' title='bbox 637 502 816 585; x_wconf 87' lang='lat' dir='ltr'><strong>quod</strong></span> <span class='ocrx_word' id='word_1_9' title='bbox 870 510 944 567; x_wconf 87' lang='lat' dir='ltr'><strong>ut</strong></span> <span class='ocrx_word' id='word_1_10' title='bbox 998 501 1226 585; x_wconf 83' lang='lat' dir='ltr'><strong>Reges</strong></span> <span class='ocrx_word' id='word_1_11' title='bbox 1287 502 1416 567; x_wconf 91' lang='lat' dir='ltr'><strong>sibi</strong></span> <span class='ocrx_word' id='word_1_12' title='bbox 1475 503 1801 586; x_wconf 86' lang='lat' dir='ltr'><strong>legebant,</strong></span> <span class='ocrx_word' id='word_1_13' title='bbox 1863 503 2453 589; x_wconf 81' lang='lat' dir='ltr'><strong>sublegebantque,</strong></span> 
     </span>
     <span class='ocr_line' id='line_1_4' title="bbox 328 587 2456 690; baseline 0.003 -25.115"><span class='ocrx_word' id='word_1_14' title='bbox 328 622 539 686; x_wconf 89' lang='lat' dir='ltr'><strong>qnos</strong></span> <span class='ocrx_word' id='word_1_15' title='bbox 570 603 638 666; x_wconf 88' lang='lat' dir='ltr'><strong>in</strong></span> <span class='ocrx_word' id='word_1_16' title='bbox 667 605 948 670; x_wconf 86' lang='lat' dir='ltr'><strong>consilio</strong></span> <span class='ocrx_word' id='word_1_17' title='bbox 976 606 1250 690; x_wconf 88' lang='lat' dir='ltr'><strong>publico</strong></span> <span class='ocrx_word' id='word_1_18' title='bbox 1296 587 1624 683; x_wconf 83' lang='lat' dir='ltr'><strong>baberent,</strong></span> <span class='ocrx_word' id='word_1_19' title='bbox 1669 607 1764 672; x_wconf 87' lang='lat' dir='ltr'><strong>ita</strong></span> <span class='ocrx_word' id='word_1_20' title='bbox 1803 613 1960 690; x_wconf 89' lang='lat' dir='ltr'><strong>post</strong></span> <span class='ocrx_word' id='word_1_21' title='bbox 2004 611 2280 673; x_wconf 82' lang='lat' dir='ltr'><strong>exactos</strong></span> <span class='ocrx_word' id='word_1_22' title='bbox 2309 626 2456 685; x_wconf 75' lang='lat' dir='ltr'><strong>eoS,</strong></span> 
     </span>
     <span class='ocr_line' id='line_1_5' title="bbox 264 705 2457 794; baseline 0.003 -27"><span class='ocrx_word' id='word_1_23' title='bbox 264 729 271 734; x_wconf 92' lang='lat'><strong>·</strong></span> <span class='ocrx_word' id='word_1_24' title='bbox 366 705 697 771; x_wconf 81' lang='lat' dir='ltr'><strong>Consules</strong></span> <span class='ocrx_word' id='word_1_25' title='bbox 727 728 1013 794; x_wconf 93' lang='lat' dir='ltr'><strong>quoque,</strong></span> <span class='ocrx_word' id='word_1_26' title='bbox 1046 722 1115 774; x_wconf 89' lang='lat' dir='ltr'><strong>et</strong></span> <span class='ocrx_word' id='word_1_27' title='bbox 1140 709 1423 774; x_wconf 88' lang='lat' dir='ltr'>Tribuni</span> <span class='ocrx_word' id='word_1_28' title='bbox 1443 709 1493 749; x_wconf 83' lang='lat'><strong>¹⁸</strong></span> <span class='ocrx_word' id='word_1_29' title='bbox 1539 708 1841 774; x_wconf 85' lang='lat' dir='ltr'>Militum</span> <span class='ocrx_word' id='word_1_30' title='bbox 1871 710 2199 776; x_wconf 87' lang='lat' dir='ltr'><strong>consulari</strong></span> <span class='ocrx_word' id='word_1_31' title='bbox 2228 718 2457 794; x_wconf 88' lang='lat' dir='ltr'><strong>potes-</strong></span> 
     </span>
     <span class='ocr_line' id='line_1_6' title="bbox 264 808 2456 896; baseline 0.003 -26"><span class='ocrx_word' id='word_1_32' title='bbox 264 847 271 850; x_wconf 93' lang='lat'>-</span> <span class='ocrx_word' id='word_1_33' title='bbox 371 812 534 884; x_wconf 88' lang='lat' dir='ltr'><strong>tate,</strong></span> <span class='ocrx_word' id='word_1_34' title='bbox 562 808 1150 893; x_wconf 87' lang='lat' dir='ltr'><strong>conjunctissimos</strong></span> <span class='ocrx_word' id='word_1_35' title='bbox 1183 811 1317 875; x_wconf 89' lang='lat' dir='ltr'><strong>sibi</strong></span> <span class='ocrx_word' id='word_1_36' title='bbox 1347 829 1650 896; x_wconf 89' lang='lat' dir='ltr'><strong>quosque</strong></span> <span class='ocrx_word' id='word_1_37' title='bbox 1665 818 1717 863; x_wconf 85' lang='lat'><strong>¹⁹</strong></span> <span class='ocrx_word' id='word_1_38' title='bbox 1755 813 2209 896; x_wconf 84' lang='lat' dir='ltr'><strong>patriciorum,</strong></span> <span class='ocrx_word' id='word_1_39' title='bbox 2241 817 2312 877; x_wconf 89' lang='lat' dir='ltr'><strong>et</strong></span> <span class='ocrx_word' id='word_1_40' title='bbox 2338 812 2456 877; x_wconf 87' lang='lat' dir='ltr'><strong>de-</strong></span> 
     </span>
     <span class='ocr_line' id='line_1_7' title="bbox 266 908 2458 996; baseline 0.002 -24"><span class='ocrx_word' id='word_1_41' title='bbox 266 941 275 952; x_wconf 90' lang='lat'><strong>·</strong></span> <span class='ocrx_word' id='word_1_42' title='bbox 363 908 517 982; x_wconf 87' lang='lat' dir='ltr'><strong>inde</strong></span> <span class='ocrx_word' id='word_1_43' title='bbox 553 910 987 994; x_wconf 70' lang='lat' dir='ltr'><strong>plebeiorum,</strong></span> <span class='ocrx_word' id='word_1_44' title='bbox 1032 914 1381 996; x_wconf 75' lang='lat' dir='ltr'><strong>leg&#39;ebant3</strong></span> <span class='ocrx_word' id='word_1_45' title='bbox 1427 914 1643 979; x_wconf 85' lang='lat' dir='ltr'><strong>donec</strong></span> <span class='ocrx_word' id='word_1_46' title='bbox 1677 914 1922 982; x_wconf 85' lang='lat' dir='ltr'><strong>Ovinia</strong></span> <span class='ocrx_word' id='word_1_47' title='bbox 1951 916 2330 980; x_wconf 87' lang='lat' dir='ltr'><strong>Tribunitia</strong></span> <span class='ocrx_word' id='word_1_48' title='bbox 2355 916 2458 978; x_wconf 88' lang='lat' dir='ltr'><strong>in-</strong></span> 
     </span>
     <span class='ocr_line' id='line_1_8' title="bbox 367 1014 2455 1097; baseline 0.003 -21"><span class='ocrx_word' id='word_1_49' title='bbox 367 1014 673 1093; x_wconf 84' lang='lat' dir='ltr'><strong>tervenit,</strong></span> <span class='ocrx_word' id='word_1_50' title='bbox 723 1033 857 1097; x_wconf 89' lang='lat' dir='ltr'><strong>qna</strong></span> <span class='ocrx_word' id='word_1_51' title='bbox 909 1023 1219 1080; x_wconf 86' lang='lat' dir='ltr'><strong>sanctum</strong></span> <span class='ocrx_word' id='word_1_52' title='bbox 1268 1022 1391 1095; x_wconf 87' lang='lat' dir='ltr'><strong>est,</strong></span> <span class='ocrx_word' id='word_1_53' title='bbox 1442 1024 1517 1082; x_wconf 88' lang='lat' dir='ltr'><strong>nt</strong></span> <span class='ocrx_word' id='word_1_54' title='bbox 1554 1017 1872 1082; x_wconf 85' lang='lat' dir='ltr'><strong>Censores</strong></span> <span class='ocrx_word' id='word_1_55' title='bbox 1900 1038 1989 1083; x_wconf 87' lang='lat' dir='ltr'><strong>ex</strong></span> <span class='ocrx_word' id='word_1_56' title='bbox 2020 1019 2198 1083; x_wconf 86' lang='lat' dir='ltr'><strong>omni</strong></span> <span class='ocrx_word' id='word_1_57' title='bbox 2226 1016 2455 1082; x_wconf 84' lang='lat' dir='ltr'><strong>ordine</strong></span> 
     </span>
     <span class='ocr_line' id='line_1_9' title="bbox 258 1099 2458 1203; baseline 0.003 -26"><span class='ocrx_word' id='word_1_58' title='bbox 258 1099 280 1157; x_wconf 83' lang='lat'><strong>&#39;.</strong></span> <span class='ocrx_word' id='word_1_59' title='bbox 368 1116 696 1197; x_wconf 89' lang='lat' dir='ltr'><strong>optimum</strong></span> <span class='ocrx_word' id='word_1_60' title='bbox 723 1136 1056 1202; x_wconf 87' lang='lat' dir='ltr'><strong>quemque</strong></span> <span class='ocrx_word' id='word_1_61' title='bbox 1085 1118 1389 1183; x_wconf 82' lang='lat' dir='ltr'><strong>curiatim</strong></span> <span class='ocrx_word' id='word_1_62' title='bbox 1407 1124 1466 1160; x_wconf 79' lang='lat'><strong>’⁴⁰</strong></span> <span class='ocrx_word' id='word_1_63' title='bbox 1506 1127 1743 1184; x_wconf 86' lang='lat' dir='ltr'><strong>senatu</strong></span> <span class='ocrx_word' id='word_1_64' title='bbox 1786 1120 2112 1202; x_wconf 83' lang='lat' dir='ltr'><strong>legerent:</strong></span> <span class='ocrx_word' id='word_1_65' title='bbox 2156 1137 2291 1203; x_wconf 92' lang='lat' dir='ltr'><strong>quo</strong></span> <span class='ocrx_word' id='word_1_66' title='bbox 2319 1120 2458 1184; x_wconf 78' lang='lat' dir='ltr'><strong>sac-</strong></span> 
     </span>
     <span class='ocr_line' id='line_1_10' title="bbox 365 1221 2461 1305; baseline 0.002 -24"><span class='ocrx_word' id='word_1_67' title='bbox 365 1223 509 1281; x_wconf 87' lang='lat' dir='ltr'><strong>tum</strong></span> <span class='ocrx_word' id='word_1_68' title='bbox 533 1223 655 1296; x_wconf 90' lang='lat' dir='ltr'><strong>est,</strong></span> <span class='ocrx_word' id='word_1_69' title='bbox 685 1225 758 1285; x_wconf 92' lang='lat' dir='ltr'><strong>ut</strong></span> <span class='ocrx_word' id='word_1_70' title='bbox 786 1221 902 1305; x_wconf 91' lang='lat' dir='ltr'><strong>qui</strong></span> <span class='ocrx_word' id='word_1_71' title='bbox 934 1221 1245 1304; x_wconf 80' lang='lat' dir='ltr'><strong>praeteriti</strong></span> <span class='ocrx_word' id='word_1_72' title='bbox 1276 1225 1520 1299; x_wconf 89' lang='lat' dir='ltr'><strong>essent,</strong></span> <span class='ocrx_word' id='word_1_73' title='bbox 1561 1228 1632 1285; x_wconf 90' lang='lat' dir='ltr'><strong>et</strong></span> <span class='ocrx_word' id='word_1_74' title='bbox 1679 1221 1828 1286; x_wconf 90' lang='lat' dir='ltr'><strong>loco</strong></span> <span class='ocrx_word' id='word_1_75' title='bbox 1856 1224 2040 1301; x_wconf 89' lang='lat' dir='ltr'><strong>moti,</strong></span> <span class='ocrx_word' id='word_1_76' title='bbox 2068 1223 2461 1287; x_wconf 79' lang='lat' dir='ltr'><strong>haberentur</strong></span> 
     </span>
    </p>
   </div>
   <div class='ocr_carea' id='block_1_4' title="bbox 264 1319 802 1401">
    <p class='ocr_par' dir='ltr' id='par_1_4' title="bbox 264 1319 802 1401">
     <span class='ocr_line' id='line_1_11' title="bbox 264 1319 802 1401; baseline 0.008 -20"><span class='ocrx_word' id='word_1_77' title='bbox 264 1349 277 1362; x_wconf 94' lang='lat'><strong>·</strong></span> <span class='ocrx_word' id='word_1_78' title='bbox 365 1319 802 1401; x_wconf 87' lang='lat' dir='ltr'><strong>ignominiosi.</strong></span> 
     </span>
    </p>
   </div>
   <div class='ocr_carea' id='block_1_5' title="bbox 266 1419 2460 1512">
    <p class='ocr_par' dir='ltr' id='par_1_5' title="bbox 266 1419 2460 1512">
     <span class='ocr_line' id='line_1_12' title="bbox 266 1419 2460 1512; baseline 0.003 -28"><span class='ocrx_word' id='word_1_79' title='bbox 266 1419 625 1487; x_wconf 68' lang='lat' dir='ltr'><strong>Praetexta</strong></span> <span class='ocrx_word' id='word_1_80' title='bbox 666 1423 852 1507; x_wconf 90' lang='lat' dir='ltr'><strong>pulla</strong></span> <span class='ocrx_word' id='word_1_81' title='bbox 893 1424 1059 1489; x_wconf 90' lang='lat' dir='ltr'><strong>nulli</strong></span> <span class='ocrx_word' id='word_1_82' title='bbox 1101 1425 1216 1490; x_wconf 92' lang='lat' dir='ltr'><strong>alii</strong></span> <span class='ocrx_word' id='word_1_83' title='bbox 1244 1425 1489 1492; x_wconf 79' lang='lat' dir='ltr'><strong>licebat</strong></span> <span class='ocrx_word' id='word_1_84' title='bbox 1526 1427 1648 1506; x_wconf 90' lang='lat' dir='ltr'><strong>uti,</strong></span> <span class='ocrx_word' id='word_1_85' title='bbox 1679 1447 1879 1512; x_wconf 88' lang='lat' dir='ltr'><strong>quam</strong></span> <span class='ocrx_word' id='word_1_86' title='bbox 1911 1429 1994 1505; x_wconf 89' lang='lat' dir='ltr'><strong>ei,</strong></span> <span class='ocrx_word' id='word_1_87' title='bbox 2026 1428 2139 1512; x_wconf 92' lang='lat' dir='ltr'><strong>qui</strong></span> <span class='ocrx_word' id='word_1_88' title='bbox 2184 1430 2460 1512; x_wconf 69' lang='lat' dir='ltr'>[PAUL.</span> 
     </span>
    </p>
   </div>
   <div class='ocr_carea' id='block_1_6' title="bbox 365 1523 895 1592">
    <p class='ocr_par' dir='ltr' id='par_1_6' title="bbox 365 1523 895 1592">
     <span class='ocr_line' id='line_1_13' title="bbox 365 1523 895 1592; baseline 0.008 -5"><span class='ocrx_word' id='word_1_89' title='bbox 365 1523 561 1588; x_wconf 86' lang='lat' dir='ltr'><strong>funus</strong></span> <span class='ocrx_word' id='word_1_90' title='bbox 589 1525 895 1592; x_wconf 78' lang='lat' dir='ltr'><strong>faciebat.</strong></span> 
     </span>
    </p>
   </div>
   <div class='ocr_carea' id='block_1_7' title="bbox 269 1623 2460 1719">
    <p class='ocr_par' dir='ltr' id='par_1_7' title="bbox 269 1623 2460 1719">
     <span class='ocr_line' id='line_1_14' title="bbox 269 1623 2460 1719; baseline 0.003 -31"><span class='ocrx_word' id='word_1_91' title='bbox 269 1624 602 1690; x_wconf 66' lang='lat' dir='ltr'><strong>Praetexta</strong></span> <span class='ocrx_word' id='word_1_92' title='bbox 620 1623 641 1662; x_wconf 77' lang='lat' dir='ltr'>f</span> <span class='ocrx_word' id='word_1_93' title='bbox 675 1625 860 1711; x_wconf 82' lang='lat' dir='ltr'><strong>pulla</strong></span> <span class='ocrx_word' id='word_1_94' title='bbox 890 1625 1049 1692; x_wconf 80' lang='lat' dir='ltr'><strong>nulli</strong></span> <span class='ocrx_word' id='word_1_95' title='bbox 1092 1629 1207 1696; x_wconf 89' lang='lat' dir='ltr'><strong>alii</strong></span> <span class='ocrx_word' id='word_1_96' title='bbox 1250 1630 1506 1698; x_wconf 85' lang='lat' dir='ltr'><strong>licebat</strong></span> <span class='ocrx_word' id='word_1_97' title='bbox 1536 1633 1655 1710; x_wconf 88' lang='lat' dir='ltr'><strong>uti,</strong></span> <span class='ocrx_word' id='word_1_98' title='bbox 1685 1651 1884 1716; x_wconf 86' lang='lat' dir='ltr'><strong>quam</strong></span> <span class='ocrx_word' id='word_1_99' title='bbox 1913 1633 1990 1711; x_wconf 82' lang='lat' dir='ltr'><strong>ei,</strong></span> <span class='ocrx_word' id='word_1_100' title='bbox 2017 1629 2128 1719; x_wconf 80' lang='lat' dir='ltr'><strong>qui</strong></span> <span class='ocrx_word' id='word_1_101' title='bbox 2212 1632 2460 1718; x_wconf 71' lang='lat' dir='ltr'>[FEST-</span> 
     </span>
    </p>
   </div>
   <div class='ocr_carea' id='block_1_8' title="bbox 1184 1796 1557 1821">
    <p class='ocr_par' dir='ltr' id='par_1_8' title="bbox 1184 1796 1557 1821">
     <span class='ocr_line' id='line_1_15' title="bbox 1184 1796 1557 1821; baseline 0.011 -4"><span class='ocrx_word' id='word_1_102' title='bbox 1184 1796 1557 1821; x_wconf 48' lang='lat' dir='ltr'><strong>mommo</strong></span> 
     </span>
    </p>
   </div>
   <div class='ocr_carea' id='block_1_9' title="bbox 348 1869 2226 1967">
    <p class='ocr_par' dir='ltr' id='par_1_9' title="bbox 348 1869 2226 1967">
     <span class='ocr_line' id='line_1_16' title="bbox 348 1869 2226 1967; baseline 0.003 -23"><span class='ocrx_word' id='word_1_103' title='bbox 348 1896 409 1944; x_wconf 88' lang='grc'><strong>18</strong></span> <span class='ocrx_word' id='word_1_104' title='bbox 443 1892 573 1944; x_wconf 86' lang='lat' dir='ltr'><strong>Ead.</strong></span> <span class='ocrx_word' id='word_1_105' title='bbox 595 1892 680 1944; x_wconf 85' lang='lat' dir='ltr'><strong>ed.</strong></span> <span class='ocrx_word' id='word_1_106' title='bbox 705 1894 1080 1946; x_wconf 51' lang='lat' dir='ltr'><strong>memnon—19</strong></span> <span class='ocrx_word' id='word_1_107' title='bbox 1112 1897 1231 1949; x_wconf 89' lang='lat' dir='ltr'><strong>Vet.</strong></span> <span class='ocrx_word' id='word_1_108' title='bbox 1256 1899 1374 1950; x_wconf 87' lang='lat' dir='ltr'><strong>cod.</strong></span> <span class='ocrx_word' id='word_1_109' title='bbox 1399 1869 1724 1967; x_wconf 62' lang='lat' dir='ltr'><strong>qaoque—20</strong></span> <span class='ocrx_word' id='word_1_110' title='bbox 1755 1899 1880 1950; x_wconf 83' lang='lat' dir='ltr'><strong>Vet.</strong></span> <span class='ocrx_word' id='word_1_111' title='bbox 1900 1898 2017 1950; x_wconf 81' lang='lat' dir='ltr'><strong>cod.</strong></span> <span class='ocrx_word' id='word_1_112' title='bbox 2033 1898 2226 1952; x_wconf 74' lang='lat' dir='ltr'><strong>curiati.</strong></span> 
     </span>
    </p>
   </div>
   <div class='ocr_carea' id='block_1_10' title="bbox 1269 2087 1481 2140">
    <p class='ocr_par' dir='ltr' id='par_1_10' title="bbox 1269 2087 1481 2140">
     <span class='ocr_line' id='line_1_17' title="bbox 1269 2087 1481 2140; baseline 0.005 -1"><span class='ocrx_word' id='word_1_113' title='bbox 1269 2087 1481 2140; x_wconf 70' lang='lat' dir='ltr'><strong>Nomi:</strong></span> 
     </span>
    </p>
   </div>
   <div class='ocr_carea' id='block_1_11' title="bbox 250 2190 1337 4330">
    <p class='ocr_par' dir='ltr' id='par_1_11' title="bbox 256 2190 1334 2785">
     <span class='ocr_line' id='line_1_18' title="bbox 261 2190 1333 2262; baseline 0.007 -21"><span class='ocrx_word' id='word_1_114' title='bbox 261 2190 519 2251; x_wconf 76' lang='lat' dir='ltr'><strong>historiis,</strong></span> <span class='ocrx_word' id='word_1_115' title='bbox 553 2195 712 2260; x_wconf 85' lang='lat' dir='ltr'><strong>legas.</strong></span> <span class='ocrx_word' id='word_1_116' title='bbox 777 2196 945 2246; x_wconf 89' lang='lat' dir='ltr'><strong>Porro</strong></span> <span class='ocrx_word' id='word_1_117' title='bbox 968 2199 1219 2262; x_wconf 65' lang='lat' dir='ltr'><strong>praeteriti</strong></span> <span class='ocrx_word' id='word_1_118' title='bbox 1254 2214 1333 2249; x_wconf 87' lang='lat' dir='ltr'><strong>se-</strong></span> 
     </span>
     <span class='ocr_line' id='line_1_19' title="bbox 258 2272 1331 2340; baseline 0.008 -23"><span class='ocrx_word' id='word_1_119' title='bbox 258 2276 486 2320; x_wconf 73' lang='lat' dir='ltr'><strong>natores</strong></span> <span class='ocrx_word' id='word_1_120' title='bbox 523 2272 842 2331; x_wconf 75' lang='lat' dir='ltr'><strong>dicebantur,</strong></span> <span class='ocrx_word' id='word_1_121' title='bbox 894 2289 1109 2340; x_wconf 89' lang='lat' dir='ltr'><strong>quorum</strong></span> <span class='ocrx_word' id='word_1_122' title='bbox 1146 2290 1331 2327; x_wconf 89' lang='lat' dir='ltr'><strong>nomen</strong></span> 
     </span>
     <span class='ocr_line' id='line_1_20' title="bbox 266 2348 1331 2404; baseline 0.006 -6"><span class='ocrx_word' id='word_1_123' title='bbox 266 2348 531 2398; x_wconf 79' lang='lat' dir='ltr'><strong>Censores</strong></span> <span class='ocrx_word' id='word_1_124' title='bbox 553 2350 700 2401; x_wconf 91' lang='lat' dir='ltr'><strong>initio</strong></span> <span class='ocrx_word' id='word_1_125' title='bbox 724 2367 954 2403; x_wconf 82' lang='lat' dir='ltr'><strong>censurae</strong></span> <span class='ocrx_word' id='word_1_126' title='bbox 989 2359 1222 2404; x_wconf 84' lang='lat' dir='ltr'><strong>senatum</strong></span> <span class='ocrx_word' id='word_1_127' title='bbox 1257 2355 1331 2404; x_wconf 86' lang='lat' dir='ltr'><strong>ie·</strong></span> 
     </span>
     <span class='ocr_line' id='line_1_21' title="bbox 260 2429 1333 2491; baseline 0.009 -20"><span class='ocrx_word' id='word_1_128' title='bbox 260 2430 466 2486; x_wconf 74' lang='lat' dir='ltr'><strong>&#39;gentes</strong></span> <span class='ocrx_word' id='word_1_129' title='bbox 537 2429 894 2491; x_wconf 76' lang='lat' dir='ltr'><strong>praeteribant,</strong></span> <span class='ocrx_word' id='word_1_130' title='bbox 967 2429 1019 2479; x_wconf 89' lang='lat' dir='ltr'><strong>in</strong></span> <span class='ocrx_word' id='word_1_131' title='bbox 1064 2432 1333 2481; x_wconf 87' lang='lat' dir='ltr'><strong>recitando</strong></span> 
     </span>
     <span class='ocr_line' id='line_1_22' title="bbox 256 2499 1333 2568; baseline 0.009 -19"><span class='ocrx_word' id='word_1_132' title='bbox 256 2502 378 2550; x_wconf 80' lang='lat' dir='ltr'><strong>&#39;nou</strong></span> <span class='ocrx_word' id='word_1_133' title='bbox 419 2505 764 2567; x_wconf 82' lang='lat' dir='ltr'><strong>appellabant,</strong></span> <span class='ocrx_word' id='word_1_134' title='bbox 796 2499 1146 2568; x_wconf 72' lang='lat' dir='ltr'><strong>subticebunt,</strong></span> <span class='ocrx_word' id='word_1_135' title='bbox 1182 2516 1236 2559; x_wconf 86' lang='lat' dir='ltr'><strong>et</strong></span> <span class='ocrx_word' id='word_1_136' title='bbox 1270 2523 1333 2558; x_wconf 91' lang='lat' dir='ltr'><strong>eo</strong></span> 
     </span>
     <span class='ocr_line' id='line_1_23' title="bbox 264 2578 1333 2637; baseline 0.01 -12"><span class='ocrx_word' id='word_1_137' title='bbox 264 2578 422 2627; x_wconf 82' lang='lat' dir='ltr'><strong>velut</strong></span> <span class='ocrx_word' id='word_1_138' title='bbox 444 2580 604 2630; x_wconf 77' lang='lat' dir='ltr'><strong>tacito</strong></span> <span class='ocrx_word' id='word_1_139' title='bbox 628 2581 816 2632; x_wconf 88' lang='lat' dir='ltr'><strong>indicio</strong></span> <span class='ocrx_word' id='word_1_140' title='bbox 839 2583 1182 2635; x_wconf 77' lang='lat' dir='ltr'><strong>censebantur</strong></span> <span class='ocrx_word' id='word_1_141' title='bbox 1217 2587 1333 2637; x_wconf 89' lang='lat' dir='ltr'><strong>loco</strong></span> 
     </span>
     <span class='ocr_line' id='line_1_24' title="bbox 261 2655 1334 2712; baseline 0.008 -9"><span class='ocrx_word' id='word_1_142' title='bbox 261 2655 425 2710; x_wconf 84' lang='lat' dir='ltr'><strong>moti,</strong></span> <span class='ocrx_word' id='word_1_143' title='bbox 447 2670 541 2707; x_wconf 86' lang='lat' dir='ltr'><strong>nec</strong></span> <span class='ocrx_word' id='word_1_144' title='bbox 563 2672 747 2708; x_wconf 89' lang='lat' dir='ltr'><strong>nornen</strong></span> <span class='ocrx_word' id='word_1_145' title='bbox 772 2673 946 2709; x_wconf 88' lang='lat' dir='ltr'><strong>eorum</strong></span> <span class='ocrx_word' id='word_1_146' title='bbox 983 2661 1119 2712; x_wconf 82' lang='lat' dir='ltr'><strong>ultra</strong></span> <span class='ocrx_word' id='word_1_147' title='bbox 1141 2662 1192 2712; x_wconf 90' lang='lat' dir='ltr'><strong>in</strong></span> <span class='ocrx_word' id='word_1_148' title='bbox 1216 2663 1334 2712; x_wconf 86' lang='lat' dir='ltr'><strong>albo</strong></span> 
     </span>
     <span class='ocr_line' id='line_1_25' title="bbox 263 2734 748 2785; baseline 0.012 -6"><span class='ocrx_word' id='word_1_149' title='bbox 263 2739 587 2784; x_wconf 86' lang='lat' dir='ltr'><strong>senatorum.</strong></span> <span class='ocrx_word' id='word_1_150' title='bbox 623 2734 748 2785; x_wconf 80' lang='lat' dir='ltr'><strong>Duc.</strong></span> 
     </span>
    </p>

    <p class='ocr_par' dir='ltr' id='par_1_12' title="bbox 262 2806 1331 2953">
     <span class='ocr_line' id='line_1_26' title="bbox 342 2806 1331 2881; baseline 0.012 -26"><span class='ocrx_word' id='word_1_151' title='bbox 342 2806 364 2837; x_wconf 72' lang='lat' dir='ltr'>f</span> <span class='ocrx_word' id='word_1_152' title='bbox 390 2807 665 2875; x_wconf 73' lang='lat' dir='ltr'><strong>Proetexta]</strong></span> <span class='ocrx_word' id='word_1_153' title='bbox 700 2812 875 2862; x_wconf 80' lang='lat' dir='ltr'><strong>Verba</strong></span> <span class='ocrx_word' id='word_1_154' title='bbox 896 2813 1040 2864; x_wconf 80' lang='lat' dir='ltr'><strong>Festi</strong></span> <span class='ocrx_word' id='word_1_155' title='bbox 1077 2814 1331 2881; x_wconf 86' lang='lat' dir='ltr'><strong>interpre-</strong></span> 
     </span>
     <span class='ocr_line' id='line_1_27' title="bbox 262 2884 1024 2953; baseline 0.009 -19"><span class='ocrx_word' id='word_1_156' title='bbox 262 2891 381 2934; x_wconf 74' lang='lat' dir='ltr'><strong>tem</strong></span> <span class='ocrx_word' id='word_1_157' title='bbox 402 2884 715 2938; x_wconf 85' lang='lat' dir='ltr'><strong>desiderant.</strong></span> <span class='ocrx_word' id='word_1_158' title='bbox 750 2890 871 2939; x_wconf 76' lang='lat' dir='ltr'><strong>Ant.</strong></span> <span class='ocrx_word' id='word_1_159' title='bbox 894 2891 1024 2953; x_wconf 74' lang='lat' dir='ltr'><strong>Aug.</strong></span> 
     </span>
    </p>

    <p class='ocr_par' dir='ltr' id='par_1_13' title="bbox 250 2960 1337 4330">
     <span class='ocr_line' id='line_1_28' title="bbox 344 2960 1334 3026; baseline 0.008 -16"><span class='ocrx_word' id='word_1_160' title='bbox 344 2960 613 3026; x_wconf 74' lang='lat' dir='ltr'><strong>Praetexta]</strong></span> <span class='ocrx_word' id='word_1_161' title='bbox 650 2962 851 3014; x_wconf 76' lang='lat' dir='ltr'><strong>‘Instat</strong></span> <span class='ocrx_word' id='word_1_162' title='bbox 919 2967 1171 3017; x_wconf 73' lang='lat' dir='ltr'><strong>Proeteoeta</strong></span> <span class='ocrx_word' id='word_1_163' title='bbox 1212 2969 1334 3018; x_wconf 68' lang='lat' dir='ltr'><strong>nulli</strong></span> 
     </span>
     <span class='ocr_line' id='line_1_29' title="bbox 268 3035 1334 3105; baseline 0.009 -21"><span class='ocrx_word' id='word_1_164' title='bbox 268 3036 365 3085; x_wconf 69' lang='lat' dir='ltr'><strong>alu</strong></span> <span class='ocrx_word' id='word_1_165' title='bbox 385 3035 550 3087; x_wconf 72' lang='lat' dir='ltr'><strong>licebat</strong></span> <span class='ocrx_word' id='word_1_166' title='bbox 571 3040 661 3096; x_wconf 74' lang='lat' dir='ltr'><strong>uti,</strong></span> <span class='ocrx_word' id='word_1_167' title='bbox 683 3055 824 3104; x_wconf 72' lang='lat' dir='ltr'><strong>quum</strong></span> <span class='ocrx_word' id='word_1_168' title='bbox 847 3040 908 3099; x_wconf 73' lang='lat' dir='ltr'><strong>ei,</strong></span> <span class='ocrx_word' id='word_1_169' title='bbox 933 3044 1015 3105; x_wconf 77' lang='lat' dir='ltr'><strong>qui</strong></span> <span class='ocrx_word' id='word_1_170' title='bbox 1038 3044 1153 3104; x_wconf 75' lang='lat' dir='ltr'><strong>jare</strong></span> <span class='ocrx_word' id='word_1_171' title='bbox 1187 3044 1334 3094; x_wconf 76' lang='lat' dir='ltr'><strong>alicu-</strong></span> 
     </span>
     <span class='ocr_line' id='line_1_30' title="bbox 250 3115 1335 3183; baseline 0.007 -21"><span class='ocrx_word' id='word_1_172' title='bbox 250 3115 349 3175; x_wconf 73' lang='lat' dir='ltr'><strong>jus</strong></span> <span class='ocrx_word' id='word_1_173' title='bbox 371 3115 679 3177; x_wconf 68' lang='lat' dir='ltr'><strong>magistratus</strong></span> <span class='ocrx_word' id='word_1_174' title='bbox 712 3117 916 3174; x_wconf 71' lang='lat' dir='ltr'><strong>haberet,</strong></span> <span class='ocrx_word' id='word_1_175' title='bbox 953 3125 1000 3169; x_wconf 74' lang='lat' dir='ltr'><strong>et</strong></span> <span class='ocrx_word' id='word_1_176' title='bbox 1021 3120 1074 3169; x_wconf 75' lang='lat' dir='ltr'><strong>in</strong></span> <span class='ocrx_word' id='word_1_177' title='bbox 1102 3118 1199 3170; x_wconf 76' lang='lat' dir='ltr'><strong>loco</strong></span> <span class='ocrx_word' id='word_1_178' title='bbox 1218 3119 1335 3183; x_wconf 78' lang='lat' dir='ltr'><strong>pub-</strong></span> 
     </span>
     <span class='ocr_line' id='line_1_31' title="bbox 264 3191 1336 3258; baseline 0.006 -17"><span class='ocrx_word' id='word_1_179' title='bbox 264 3191 362 3241; x_wconf 75' lang='lat' dir='ltr'><strong>11·oe</strong></span> <span class='ocrx_word' id='word_1_180' title='bbox 396 3193 528 3241; x_wconf 73' lang='lat' dir='ltr'><strong>ludos</strong></span> <span class='ocrx_word' id='word_1_181' title='bbox 555 3193 758 3253; x_wconf 73' lang='lat' dir='ltr'><strong>fuceret.</strong></span> <span class='ocrx_word' id='word_1_182' title='bbox 823 3195 876 3245; x_wconf 85' lang='lat' dir='ltr'><strong>Is</strong></span> <span class='ocrx_word' id='word_1_183' title='bbox 896 3196 1022 3246; x_wconf 77' lang='lat' dir='ltr'><strong>enim</strong></span> <span class='ocrx_word' id='word_1_184' title='bbox 1074 3212 1130 3249; x_wconf 80' lang='lat' dir='ltr'><strong>ea</strong></span> <span class='ocrx_word' id='word_1_185' title='bbox 1163 3199 1336 3258; x_wconf 75' lang='lat' dir='ltr'><strong>ulitur,</strong></span> 
     </span>
     <span class='ocr_line' id='line_1_32' title="bbox 264 3268 1333 3338; baseline 0.006 -19"><span class='ocrx_word' id='word_1_186' title='bbox 264 3273 321 3319; x_wconf 75' lang='lat' dir='ltr'><strong>et</strong></span> <span class='ocrx_word' id='word_1_187' title='bbox 336 3268 538 3318; x_wconf 73' lang='lat' dir='ltr'><strong>scribam</strong></span> <span class='ocrx_word' id='word_1_188' title='bbox 556 3270 691 3320; x_wconf 76' lang='lat' dir='ltr'><strong>habet</strong></span> <span class='ocrx_word' id='word_1_189' title='bbox 703 3271 760 3321; x_wconf 84' lang='lat' dir='ltr'><strong>ob</strong></span> <span class='ocrx_word' id='word_1_190' title='bbox 776 3286 870 3327; x_wconf 82' lang='lat' dir='ltr'><strong>eos,</strong></span> <span class='ocrx_word' id='word_1_191' title='bbox 887 3272 1159 3338; x_wconf 65' lang='lat' dir='ltr'><strong>quassus-it,</strong></span> <span class='ocrx_word' id='word_1_192' title='bbox 1181 3276 1333 3325; x_wconf 68' lang='lat' dir='ltr'><strong>leudos.</strong></span> 
     </span>
     <span class='ocr_line' id='line_1_33' title="bbox 265 3345 1335 3416; baseline 0.007 -20"><span class='ocrx_word' id='word_1_193' title='bbox 265 3345 393 3396; x_wconf 82' lang='lat' dir='ltr'><strong>Huc</strong></span> <span class='ocrx_word' id='word_1_194' title='bbox 417 3360 576 3410; x_wconf 87' lang='lat' dir='ltr'><strong>usque</strong></span> <span class='ocrx_word' id='word_1_195' title='bbox 603 3347 779 3399; x_wconf 84' lang='lat' dir='ltr'><strong>videor</strong></span> <span class='ocrx_word' id='word_1_196' title='bbox 796 3357 911 3399; x_wconf 87' lang='lat' dir='ltr'><strong>tuto</strong></span> <span class='ocrx_word' id='word_1_197' title='bbox 934 3351 1169 3416; x_wconf 78' lang='lat' dir='ltr'><strong>vestigiis</strong></span> <span class='ocrx_word' id='word_1_198' title='bbox 1189 3352 1335 3403; x_wconf 78' lang='lat' dir='ltr'><strong>Festi</strong></span> 
     </span>
     <span class='ocr_line' id='line_1_34' title="bbox 260 3420 1335 3488; baseline 0.01 -21"><span class='ocrx_word' id='word_1_199' title='bbox 260 3420 543 3470; x_wconf 80' lang='lat' dir='ltr'><strong>insistere:</strong></span> <span class='ocrx_word' id='word_1_200' title='bbox 602 3422 652 3471; x_wconf 89' lang='lat' dir='ltr'><strong>in</strong></span> <span class='ocrx_word' id='word_1_201' title='bbox 694 3424 903 3488; x_wconf 85' lang='lat' dir='ltr'><strong>reliquis</strong></span> <span class='ocrx_word' id='word_1_202' title='bbox 938 3424 1193 3476; x_wconf 87' lang='lat' dir='ltr'><strong>lubricum</strong></span> <span class='ocrx_word' id='word_1_203' title='bbox 1255 3435 1335 3478; x_wconf 87' lang='lat' dir='ltr'><strong>est</strong></span> 
     </span>
     <span class='ocr_line' id='line_1_35' title="bbox 265 3494 1336 3566; baseline 0.009 -21"><span class='ocrx_word' id='word_1_204' title='bbox 265 3497 395 3545; x_wconf 85' lang='lat' dir='ltr'><strong>iter.</strong></span> <span class='ocrx_word' id='word_1_205' title='bbox 462 3494 556 3546; x_wconf 80' lang='lat' dir='ltr'><strong>Ait</strong></span> <span class='ocrx_word' id='word_1_206' title='bbox 576 3499 701 3547; x_wconf 89' lang='lat' dir='ltr'><strong>nulli</strong></span> <span class='ocrx_word' id='word_1_207' title='bbox 726 3500 812 3549; x_wconf 89' lang='lat' dir='ltr'><strong>alii</strong></span> <span class='ocrx_word' id='word_1_208' title='bbox 836 3501 1042 3551; x_wconf 76' lang='lat' dir='ltr'><strong>licuisse</strong></span> <span class='ocrx_word' id='word_1_209' title='bbox 1079 3509 1336 3566; x_wconf 75' lang='lat' dir='ltr'><strong>praetexta</strong></span> 
     </span>
     <span class='ocr_line' id='line_1_36' title="bbox 264 3574 1337 3642; baseline 0.009 -21"><span class='ocrx_word' id='word_1_210' title='bbox 264 3574 368 3629; x_wconf 83' lang='lat' dir='ltr'><strong>nti,</strong></span> <span class='ocrx_word' id='word_1_211' title='bbox 394 3583 739 3639; x_wconf 65' lang='lat' dir='ltr'><strong>praeterquam</strong></span> <span class='ocrx_word' id='word_1_212' title='bbox 762 3577 829 3633; x_wconf 93' lang='lat' dir='ltr'><strong>ei,</strong></span> <span class='ocrx_word' id='word_1_213' title='bbox 870 3578 956 3642; x_wconf 88' lang='lat' dir='ltr'><strong>qui</strong></span> <span class='ocrx_word' id='word_1_214' title='bbox 980 3593 1092 3627; x_wconf 86' lang='lat' dir='ltr'><strong>eam</strong></span> <span class='ocrx_word' id='word_1_215' title='bbox 1119 3580 1337 3631; x_wconf 86' lang='lat' dir='ltr'><strong>baberet</strong></span> 
     </span>
     <span class='ocr_line' id='line_1_37' title="bbox 257 3652 1336 3719; baseline 0.006 -20"><span class='ocrx_word' id='word_1_216' title='bbox 257 3652 388 3715; x_wconf 86' lang='lat' dir='ltr'><strong>jure</strong></span> <span class='ocrx_word' id='word_1_217' title='bbox 419 3653 765 3715; x_wconf 84' lang='lat' dir='ltr'><strong>magistratus,</strong></span> <span class='ocrx_word' id='word_1_218' title='bbox 790 3661 844 3702; x_wconf 87' lang='lat' dir='ltr'><strong>et</strong></span> <span class='ocrx_word' id='word_1_219' title='bbox 883 3653 934 3702; x_wconf 87' lang='lat' dir='ltr'><strong>in</strong></span> <span class='ocrx_word' id='word_1_220' title='bbox 975 3653 1091 3704; x_wconf 85' lang='lat' dir='ltr'><strong>loco</strong></span> <span class='ocrx_word' id='word_1_221' title='bbox 1126 3655 1336 3719; x_wconf 88' lang='lat' dir='ltr'><strong>publico</strong></span> 
     </span>
     <span class='ocr_line' id='line_1_38' title="bbox 265 3724 1335 3781; baseline 0.005 -5"><span class='ocrx_word' id='word_1_222' title='bbox 265 3726 419 3776; x_wconf 85' lang='lat' dir='ltr'><strong>iudos</strong></span> <span class='ocrx_word' id='word_1_223' title='bbox 441 3724 659 3777; x_wconf 80' lang='lat' dir='ltr'><strong>faceret.</strong></span> <span class='ocrx_word' id='word_1_224' title='bbox 696 3727 848 3778; x_wconf 80' lang='lat' dir='ltr'><strong>Quod</strong></span> <span class='ocrx_word' id='word_1_225' title='bbox 868 3742 1040 3777; x_wconf 80' lang='lat' dir='ltr'><strong>verum</strong></span> <span class='ocrx_word' id='word_1_226' title='bbox 1065 3736 1162 3779; x_wconf 85' lang='lat' dir='ltr'><strong>est.</strong></span> <span class='ocrx_word' id='word_1_227' title='bbox 1199 3730 1335 3781; x_wconf 88' lang='lat' dir='ltr'><strong>Nam</strong></span> 
     </span>
     <span class='ocr_line' id='line_1_39' title="bbox 262 3803 1336 3869; baseline 0.003 -15"><span class='ocrx_word' id='word_1_228' title='bbox 262 3803 510 3867; x_wconf 74' lang='lat' dir='ltr'><strong>magistri</strong></span> <span class='ocrx_word' id='word_1_229' title='bbox 533 3805 883 3869; x_wconf 85' lang='lat' dir='ltr'><strong>collegiorum,</strong></span> <span class='ocrx_word' id='word_1_230' title='bbox 924 3813 979 3856; x_wconf 90' lang='lat' dir='ltr'><strong>et</strong></span> <span class='ocrx_word' id='word_1_231' title='bbox 1002 3806 1236 3869; x_wconf 75' lang='lat' dir='ltr'><strong>magistri</strong></span> <span class='ocrx_word' id='word_1_232' title='bbox 1262 3809 1336 3857; x_wconf 83' lang='lat' dir='ltr'><strong>vi·</strong></span> 
     </span>
     <span class='ocr_line' id='line_1_40' title="bbox 266 3883 1332 3946; baseline 0 -13"><span class='ocrx_word' id='word_1_233' title='bbox 266 3888 467 3939; x_wconf 69' lang='lat' dir='ltr'><strong>“cor-um,</strong></span> <span class='ocrx_word' id='word_1_234' title='bbox 509 3883 595 3946; x_wconf 87' lang='lat' dir='ltr'><strong>qul</strong></span> <span class='ocrx_word' id='word_1_235' title='bbox 646 3883 978 3946; x_wconf 69' lang='lat' dir='ltr'><strong>magistratus</strong></span> <span class='ocrx_word' id='word_1_236' title='bbox 1018 3884 1139 3934; x_wconf 83' lang='lat' dir='ltr'><strong>uon&#39;</strong></span> <span class='ocrx_word' id='word_1_237' title='bbox 1165 3890 1332 3942; x_wconf 83' lang='lat' dir='ltr'><strong>erant,</strong></span> 
     </span>
     <span class='ocr_line' id='line_1_41' title="bbox 264 3959 1334 4025; baseline 0.002 -15"><span class='ocrx_word' id='word_1_238' title='bbox 264 3960 422 4010; x_wconf 87' lang='lat' dir='ltr'><strong>ludos</strong></span> <span class='ocrx_word' id='word_1_239' title='bbox 446 3959 709 4010; x_wconf 79' lang='lat' dir='ltr'><strong>faciebant</strong></span> <span class='ocrx_word' id='word_1_240' title='bbox 735 3961 1058 4025; x_wconf 82' lang='lat' dir='ltr'><strong>praetextati,</strong></span> <span class='ocrx_word' id='word_1_241' title='bbox 1083 3967 1139 4011; x_wconf 91' lang='lat' dir='ltr'><strong>ut</strong></span> <span class='ocrx_word' id='word_1_242' title='bbox 1155 3969 1334 4012; x_wconf 87' lang='lat' dir='ltr'><strong>notum</strong></span> 
     </span>
     <span class='ocr_line' id='line_1_42' title="bbox 266 4035 1331 4095; baseline 0 -8"><span class='ocrx_word' id='word_1_243' title='bbox 266 4044 352 4087; x_wconf 78' lang='lat' dir='ltr'><strong>est</strong></span> <span class='ocrx_word' id='word_1_244' title='bbox 377 4050 442 4085; x_wconf 82' lang='lat' dir='ltr'><strong>ex</strong></span> <span class='ocrx_word' id='word_1_245' title='bbox 467 4050 530 4086; x_wconf 88' lang='lat' dir='ltr'><strong>ea</strong></span> <span class='ocrx_word' id='word_1_246' title='bbox 551 4037 603 4085; x_wconf 90' lang='lat' dir='ltr'><strong>in</strong></span> <span class='ocrx_word' id='word_1_247' title='bbox 624 4035 886 4094; x_wconf 86' lang='lat' dir='ltr'><strong>Pisonem,</strong></span> <span class='ocrx_word' id='word_1_248' title='bbox 910 4044 966 4085; x_wconf 90' lang='lat' dir='ltr'><strong>et</strong></span> <span class='ocrx_word' id='word_1_249' title='bbox 986 4050 1051 4085; x_wconf 85' lang='lat' dir='ltr'><strong>ex</strong></span> <span class='ocrx_word' id='word_1_250' title='bbox 1087 4037 1331 4095; x_wconf 81' lang='lat' dir='ltr'><strong>Asconio,</strong></span> 
     </span>
     <span class='ocr_line' id='line_1_43' title="bbox 266 4112 1333 4166; baseline -0.002 0"><span class='ocrx_word' id='word_1_251' title='bbox 266 4116 400 4166; x_wconf 85' lang='lat' dir='ltr'><strong>item</strong></span> <span class='ocrx_word' id='word_1_252' title='bbox 438 4127 502 4164; x_wconf 83' lang='lat' dir='ltr'><strong>ex</strong></span> <span class='ocrx_word' id='word_1_253' title='bbox 540 4113 686 4163; x_wconf 82' lang='lat' dir='ltr'><strong>Livio</strong></span> <span class='ocrx_word' id='word_1_254' title='bbox 719 4112 852 4162; x_wconf 87' lang='lat' dir='ltr'><strong>libro</strong></span> <span class='ocrx_word' id='word_1_255' title='bbox 886 4125 1049 4163; x_wconf 79' lang='lat' dir='ltr'><strong>xxxi.</strong></span> <span class='ocrx_word' id='word_1_256' title='bbox 1115 4114 1333 4164; x_wconf 85' lang='lat' dir='ltr'><strong>Tribuni</strong></span> 
     </span>
     <span class='ocr_line' id='line_1_44' title="bbox 262 4187 1333 4257; baseline 0.001 -17"><span class='ocrx_word' id='word_1_257' title='bbox 262 4189 459 4257; x_wconf 77' lang='lat' dir='ltr'><strong>plebis,</strong></span> <span class='ocrx_word' id='word_1_258' title='bbox 482 4196 698 4239; x_wconf 88' lang='lat' dir='ltr'><strong>auctore</strong></span> <span class='ocrx_word' id='word_1_259' title='bbox 722 4187 1025 4244; x_wconf 79' lang='lat' dir='ltr'><strong>Plutarcho,</strong></span> <span class='ocrx_word' id='word_1_260' title='bbox 1069 4197 1333 4254; x_wconf 78' lang='lat' dir='ltr'><strong>praetexta</strong></span> 
     </span>
     <span class='ocr_line' id='line_1_45' title="bbox 264 4264 1332 4330; baseline -0.001 -11"><span class='ocrx_word' id='word_1_261' title='bbox 264 4282 374 4321; x_wconf 84' lang='lat' dir='ltr'><strong>non</strong></span> <span class='ocrx_word' id='word_1_262' title='bbox 396 4266 709 4317; x_wconf 83' lang='lat' dir='ltr'><strong>utebantur:</strong></span> <span class='ocrx_word' id='word_1_263' title='bbox 746 4271 890 4330; x_wconf 83' lang='lat' dir='ltr'><strong>pulo,</strong></span> <span class='ocrx_word' id='word_1_264' title='bbox 914 4264 1037 4329; x_wconf 84' lang='lat' dir='ltr'><strong>quia</strong></span> <span class='ocrx_word' id='word_1_265' title='bbox 1059 4265 1207 4317; x_wconf 87' lang='lat' dir='ltr'><strong>ludos</strong></span> <span class='ocrx_word' id='word_1_266' title='bbox 1229 4280 1332 4318; x_wconf 82' lang='lat' dir='ltr'><strong>non</strong></span> 
     </span>
    </p>
   </div>
   <div class='ocr_carea' id='block_1_12' title="bbox 1406 2193 2490 4318">
    <p class='ocr_par' dir='ltr' id='par_1_14' title="bbox 1406 2193 2490 4318">
     <span class='ocr_line' id='line_1_46' title="bbox 1412 2193 2470 2268; baseline -0.003 -17"><span class='ocrx_word' id='word_1_267' title='bbox 1412 2201 1697 2264; x_wconf 71' lang='lat' dir='ltr'><strong>faciebant.</strong></span> <span class='ocrx_word' id='word_1_268' title='bbox 1761 2202 2043 2268; x_wconf 82' lang='lat' dir='ltr'><strong>Sequentia</strong></span> <span class='ocrx_word' id='word_1_269' title='bbox 2067 2201 2182 2266; x_wconf 84' lang='lat' dir='ltr'><strong>plns</strong></span> <span class='ocrx_word' id='word_1_270' title='bbox 2208 2193 2470 2248; x_wconf 52' lang='lat' dir='ltr'><strong>minus&#39;ita</strong></span> 
     </span>
     <span class='ocr_line' id='line_1_47' title="bbox 1410 2274 2463 2344; baseline -0.003 -19"><span class='ocrx_word' id='word_1_271' title='bbox 1410 2277 1697 2344; x_wconf 81' lang='lat' dir='ltr'><strong>habuerunt</strong></span> <span class='ocrx_word' id='word_1_272' title='bbox 1721 2278 1740 2326; x_wconf 73' lang='grc' dir='ltr'><strong>ι’</strong></span> <span class='ocrx_word' id='word_1_273' title='bbox 1762 2279 1884 2327; x_wconf 75' lang='lat' dir='ltr'><strong>Item</strong></span> <span class='ocrx_word' id='word_1_274' title='bbox 1904 2282 2138 2342; x_wconf 76' lang='lat' dir='ltr'><strong>praetextu</strong></span> <span class='ocrx_word' id='word_1_275' title='bbox 2167 2274 2463 2340; x_wconf 64' lang='lat' dir='ltr'><strong>Consulibus,</strong></span> 
     </span>
     <span class='ocr_line' id='line_1_48' title="bbox 1411 2351 2465 2420; baseline -0.006 -17"><span class='ocrx_word' id='word_1_276' title='bbox 1411 2359 1457 2403; x_wconf 80' lang='lat' dir='ltr'><strong>et</strong></span> <span class='ocrx_word' id='word_1_277' title='bbox 1484 2355 1780 2404; x_wconf 76' lang='lat' dir='ltr'><strong>Proetoribus</strong></span> <span class='ocrx_word' id='word_1_278' title='bbox 1801 2361 1911 2420; x_wconf 73' lang='lat' dir='ltr'><strong>vola</strong></span> <span class='ocrx_word' id='word_1_279' title='bbox 1932 2355 2145 2418; x_wconf 71' lang='lat' dir='ltr'><strong>quaedum</strong></span> <span class='ocrx_word' id='word_1_280' title='bbox 2164 2352 2221 2400; x_wconf 83' lang='lat' dir='ltr'><strong>ob</strong></span> <span class='ocrx_word' id='word_1_281' title='bbox 2241 2351 2465 2412; x_wconf 74' lang='lat' dir='ltr'><strong>ignoran-</strong></span> 
     </span>
     <span class='ocr_line' id='line_1_49' title="bbox 1413 2424 2472 2491; baseline -0.008 -10"><span class='ocrx_word' id='word_1_282' title='bbox 1413 2433 1532 2481; x_wconf 78' lang='lat' dir='ltr'><strong>tium</strong></span> <span class='ocrx_word' id='word_1_283' title='bbox 1567 2446 1805 2480; x_wconf 79' lang='lat' dir='ltr'><strong>sacrorum</strong></span> <span class='ocrx_word' id='word_1_284' title='bbox 1829 2436 2058 2480; x_wconf 73' lang='lat' dir='ltr'><strong>&#39;novorum</strong></span> <span class='ocrx_word' id='word_1_285' title='bbox 2095 2424 2472 2491; x_wconf 75' lang='lat' dir='ltr'><strong>nuncupantibus</strong></span> 
     </span>
     <span class='ocr_line' id='line_1_50' title="bbox 1406 2500 2475 2557; baseline -0.007 0"><span class='ocrx_word' id='word_1_286' title='bbox 1406 2504 1576 2557; x_wconf 70' lang='lat' dir='ltr'><strong>&#39;datum</strong></span> <span class='ocrx_word' id='word_1_287' title='bbox 1615 2512 1683 2557; x_wconf 78' lang='lat' dir='ltr'><strong>est</strong></span> <span class='ocrx_word' id='word_1_288' title='bbox 1706 2507 1804 2557; x_wconf 74' lang='lat' dir='ltr'><strong>uti.-</strong></span> <span class='ocrx_word' id='word_1_289' title='bbox 1855 2507 1970 2556; x_wconf 81' lang='lat' dir='ltr'><strong>t&#39;tem</strong></span> <span class='ocrx_word' id='word_1_290' title='bbox 2007 2511 2165 2554; x_wconf 78' lang='lat' dir='ltr'><strong>totum</strong></span> <span class='ocrx_word' id='word_1_291' title='bbox 2192 2500 2475 2553; x_wconf 71' lang='lat' dir='ltr'><strong>solventibus</strong></span> 
     </span>
     <span class='ocr_line' id='line_1_51' title="bbox 1410 2582 2475 2649; baseline -0.007 -15"><span class='ocrx_word' id='word_1_292' title='bbox 1410 2585 1622 2649; x_wconf 61' lang='lat' dir='ltr'><strong>aliquod.</strong></span> <span class='ocrx_word' id='word_1_293' title='bbox 1687 2583 1813 2634; x_wconf 83' lang='lat' dir='ltr'><strong>Item</strong></span> <span class='ocrx_word' id='word_1_294' title='bbox 1857 2582 2074 2634; x_wconf 79' lang='lat' dir='ltr'><strong>Valerius</strong></span> <span class='ocrx_word' id='word_1_295' title='bbox 2108 2582 2301 2630; x_wconf 73' lang='lat' dir='ltr'><strong>vicanus</strong></span> <span class='ocrx_word' id='word_1_296' title='bbox 2336 2585 2475 2629; x_wconf 71' lang='lat' dir='ltr'><strong>utens</strong></span> 
     </span>
     <span class='ocr_line' id='line_1_52' title="bbox 1411 2656 2471 2727; baseline -0.006 -16"><span class='ocrx_word' id='word_1_297' title='bbox 1411 2678 1532 2727; x_wconf 80' lang='lat' dir='ltr'><strong>pura</strong></span> <span class='ocrx_word' id='word_1_298' title='bbox 1554 2678 1616 2711; x_wconf 81' lang='lat' dir='ltr'><strong>ex</strong></span> <span class='ocrx_word' id='word_1_299' title='bbox 1638 2662 1690 2712; x_wconf 77' lang='lat' dir='ltr'><strong>S.</strong></span> <span class='ocrx_word' id='word_1_300' title='bbox 1716 2662 1921 2712; x_wconf 76' lang='lat' dir='ltr'><strong>Senatus</strong></span> <span class='ocrx_word' id='word_1_301' title='bbox 1942 2661 2228 2726; x_wconf 73' lang='lat' dir='ltr'><strong>improbatus</strong></span> <span class='ocrx_word' id='word_1_302' title='bbox 2245 2662 2337 2727; x_wconf 48' lang='lat' dir='ltr'><strong>est,</strong></span> <span class='ocrx_word' id='word_1_303' title='bbox 2381 2656 2471 2705; x_wconf 82' lang='lat' dir='ltr'><strong>vi-</strong></span> 
     </span>
     <span class='ocr_line' id='line_1_53' title="bbox 1414 2737 2475 2801; baseline -0.006 -14"><span class='ocrx_word' id='word_1_304' title='bbox 1414 2737 1563 2787; x_wconf 89' lang='lat' dir='ltr'><strong>detur</strong></span> <span class='ocrx_word' id='word_1_305' title='bbox 1586 2738 1716 2787; x_wconf 82' lang='lat' dir='ltr'><strong>velie</strong></span> <span class='ocrx_word' id='word_1_306' title='bbox 1740 2739 1926 2788; x_wconf 84' lang='lat' dir='ltr'><strong>Festus</strong></span> <span class='ocrx_word' id='word_1_307' title='bbox 1950 2752 2095 2787; x_wconf 84' lang='lat' dir='ltr'><strong>usum</strong></span> <span class='ocrx_word' id='word_1_308' title='bbox 2120 2748 2364 2801; x_wconf 85' lang='lat' dir='ltr'><strong>purpnrae</strong></span> <span class='ocrx_word' id='word_1_309' title='bbox 2395 2748 2475 2781; x_wconf 88' lang='lat' dir='ltr'><strong>sa·</strong></span> 
     </span>
     <span class='ocr_line' id='line_1_54' title="bbox 1414 2812 2477 2878; baseline -0.005 -15"><span class='ocrx_word' id='word_1_310' title='bbox 1414 2828 1559 2863; x_wconf 89' lang='lat' dir='ltr'><strong>crum</strong></span> <span class='ocrx_word' id='word_1_311' title='bbox 1582 2812 1765 2864; x_wconf 78' lang='lat' dir='ltr'><strong>fuisse:</strong></span> <span class='ocrx_word' id='word_1_312' title='bbox 1805 2815 1923 2864; x_wconf 85' lang='lat' dir='ltr'><strong>ideo</strong></span> <span class='ocrx_word' id='word_1_313' title='bbox 1945 2812 2332 2878; x_wconf 86' lang='lat' dir='ltr'><strong>magistratibus</strong></span> <span class='ocrx_word' id='word_1_314' title='bbox 2356 2824 2477 2860; x_wconf 90' lang='lat' dir='ltr'><strong>con-</strong></span> 
     </span>
     <span class='ocr_line' id='line_1_55' title="bbox 1414 2888 2474 2957; baseline -0.006 -17"><span class='ocrx_word' id='word_1_315' title='bbox 1414 2904 1639 2948; x_wconf 79' lang='lat' dir='ltr'><strong>cessum,</strong></span> <span class='ocrx_word' id='word_1_316' title='bbox 1675 2904 1777 2939; x_wconf 88' lang='lat' dir='ltr'><strong>nou</strong></span> <span class='ocrx_word' id='word_1_317' title='bbox 1808 2899 1913 2940; x_wconf 82' lang='lat' dir='ltr'><strong>tam</strong></span> <span class='ocrx_word' id='word_1_318' title='bbox 1951 2892 2074 2957; x_wconf 89' lang='lat' dir='ltr'><strong>jure</strong></span> <span class='ocrx_word' id='word_1_319' title='bbox 2126 2888 2474 2952; x_wconf 78' lang='lat' dir='ltr'><strong>magistratus,</strong></span> 
     </span>
     <span class='ocr_line' id='line_1_56' title="bbox 1415 2963 2475 3020; baseline -0.002 -6"><span class='ocrx_word' id='word_1_320' title='bbox 1415 2980 1531 3015; x_wconf 82' lang='lat' dir='ltr'><strong>nam</strong></span> <span class='ocrx_word' id='word_1_321' title='bbox 1571 2975 1627 3016; x_wconf 90' lang='lat' dir='ltr'><strong>et</strong></span> <span class='ocrx_word' id='word_1_322' title='bbox 1671 2965 1914 3019; x_wconf 79' lang='lat' dir='ltr'><strong>Tribunis</strong></span> <span class='ocrx_word' id='word_1_323' title='bbox 1955 2982 2230 3017; x_wconf 82' lang='lat' dir='ltr'><strong>concessus</strong></span> <span class='ocrx_word' id='word_1_324' title='bbox 2272 2963 2475 3020; x_wconf 84' lang='lat' dir='ltr'><strong>fuisset,</strong></span> 
     </span>
     <span class='ocr_line' id='line_1_57' title="bbox 1414 3042 2481 3107; baseline -0.002 -17"><span class='ocrx_word' id='word_1_325' title='bbox 1414 3055 1570 3107; x_wconf 82' lang='lat' dir='ltr'><strong>quam</strong></span> <span class='ocrx_word' id='word_1_326' title='bbox 1624 3042 1862 3091; x_wconf 86' lang='lat' dir='ltr'><strong>ludorum</strong></span> <span class='ocrx_word' id='word_1_327' title='bbox 1919 3051 1975 3092; x_wconf 92' lang='lat' dir='ltr'><strong>et</strong></span> <span class='ocrx_word' id='word_1_328' title='bbox 2029 3049 2261 3093; x_wconf 83' lang='lat' dir='ltr'><strong>votorum</strong></span> <span class='ocrx_word' id='word_1_329' title='bbox 2304 3055 2481 3092; x_wconf 81' lang='lat' dir='ltr'><strong>causa.</strong></span> 
     </span>
     <span class='ocr_line' id='line_1_58' title="bbox 1414 3117 2479 3178; baseline -0.002 -9"><span class='ocrx_word' id='word_1_330' title='bbox 1414 3120 1521 3169; x_wconf 88' lang='lat' dir='ltr'><strong>Res</strong></span> <span class='ocrx_word' id='word_1_331' title='bbox 1545 3120 1679 3169; x_wconf 87' lang='lat' dir='ltr'><strong>enirn</strong></span> <span class='ocrx_word' id='word_1_332' title='bbox 1700 3133 1864 3170; x_wconf 65' lang='lat' dir='ltr'><strong>sacrae</strong></span> <span class='ocrx_word' id='word_1_333' title='bbox 1887 3119 2015 3178; x_wconf 84' lang='lat' dir='ltr'><strong>ludi,</strong></span> <span class='ocrx_word' id='word_1_334' title='bbox 2046 3127 2102 3171; x_wconf 90' lang='lat' dir='ltr'><strong>et</strong></span> <span class='ocrx_word' id='word_1_335' title='bbox 2137 3127 2278 3169; x_wconf 83' lang='lat' dir='ltr'><strong>vota.</strong></span> <span class='ocrx_word' id='word_1_336' title='bbox 2346 3117 2479 3168; x_wconf 87' lang='lat' dir='ltr'><strong>Ideo</strong></span> 
     </span>
     <span class='ocr_line' id='line_1_59' title="bbox 1415 3196 2479 3259; baseline -0.002 -13"><span class='ocrx_word' id='word_1_337' title='bbox 1415 3196 1481 3246; x_wconf 88' lang='lat' dir='ltr'><strong>ob</strong></span> <span class='ocrx_word' id='word_1_338' title='bbox 1501 3196 1650 3246; x_wconf 87' lang='lat' dir='ltr'><strong>ludos</strong></span> <span class='ocrx_word' id='word_1_339' title='bbox 1672 3196 1953 3247; x_wconf 87' lang='lat' dir='ltr'><strong>utebantur</strong></span> <span class='ocrx_word' id='word_1_340' title='bbox 1977 3196 2189 3254; x_wconf 81' lang='lat' dir='ltr'><strong>AEdiles,</strong></span> <span class='ocrx_word' id='word_1_341' title='bbox 2215 3196 2479 3259; x_wconf 78' lang='lat' dir='ltr'><strong>etmagis-</strong></span> 
     </span>
     <span class='ocr_line' id='line_1_60' title="bbox 1418 3273 2480 3337; baseline -0.003 -15"><span class='ocrx_word' id='word_1_342' title='bbox 1418 3274 1485 3322; x_wconf 89' lang='lat' dir='ltr'><strong>tri</strong></span> <span class='ocrx_word' id='word_1_343' title='bbox 1505 3273 1856 3337; x_wconf 83' lang='lat' dir='ltr'><strong>collegiorum,</strong></span> <span class='ocrx_word' id='word_1_344' title='bbox 1882 3273 1947 3324; x_wconf 89' lang='lat' dir='ltr'><strong>ob</strong></span> <span class='ocrx_word' id='word_1_345' title='bbox 1972 3281 2095 3324; x_wconf 81' lang='lat' dir='ltr'><strong>vota</strong></span> <span class='ocrx_word' id='word_1_346' title='bbox 2117 3273 2392 3329; x_wconf 82' lang='lat' dir='ltr'><strong>Consules,</strong></span> <span class='ocrx_word' id='word_1_347' title='bbox 2423 3276 2480 3321; x_wconf 88' lang='lat' dir='ltr'><strong>et</strong></span> 
     </span>
     <span class='ocr_line' id='line_1_61' title="bbox 1416 3349 2480 3415; baseline -0.003 -17"><span class='ocrx_word' id='word_1_348' title='bbox 1416 3349 1696 3400; x_wconf 80' lang='lat' dir='ltr'><strong>Praetores.</strong></span> <span class='ocrx_word' id='word_1_349' title='bbox 1764 3350 1899 3400; x_wconf 88' lang='lat' dir='ltr'><strong>Vota</strong></span> <span class='ocrx_word' id='word_1_350' title='bbox 1933 3351 2039 3407; x_wconf 82' lang='lat' dir='ltr'><strong>illa,</strong></span> <span class='ocrx_word' id='word_1_351' title='bbox 2063 3365 2178 3415; x_wconf 69' lang='lat' dir='ltr'><strong>quie</strong></span> <span class='ocrx_word' id='word_1_352' title='bbox 2220 3362 2480 3411; x_wconf 83' lang='lat' dir='ltr'><strong>nuncupa-</strong></span> 
     </span>
     <span class='ocr_line' id='line_1_62' title="bbox 1416 3422 2479 3484; baseline -0.004 -11"><span class='ocrx_word' id='word_1_353' title='bbox 1416 3424 1609 3475; x_wconf 84' lang='lat' dir='ltr'><strong>bantur</strong></span> <span class='ocrx_word' id='word_1_354' title='bbox 1646 3426 1712 3475; x_wconf 88' lang='lat' dir='ltr'><strong>ob</strong></span> <span class='ocrx_word' id='word_1_355' title='bbox 1749 3440 2010 3475; x_wconf 84' lang='lat' dir='ltr'><strong>sacrorum</strong></span> <span class='ocrx_word' id='word_1_356' title='bbox 2043 3438 2292 3473; x_wconf 82' lang='lat' dir='ltr'><strong>uovorum</strong></span> <span class='ocrx_word' id='word_1_357' title='bbox 2331 3422 2479 3484; x_wconf 86' lang='lat' dir='ltr'><strong>iguo-</strong></span> 
     </span>
     <span class='ocr_line' id='line_1_63' title="bbox 1418 3494 2481 3562; baseline -0.007 -13"><span class='ocrx_word' id='word_1_358' title='bbox 1418 3502 1656 3557; x_wconf 84' lang='lat' dir='ltr'><strong>rantiam,</strong></span> <span class='ocrx_word' id='word_1_359' title='bbox 1681 3500 1928 3553; x_wconf 82' lang='lat' dir='ltr'><strong>videntur</strong></span> <span class='ocrx_word' id='word_1_360' title='bbox 1968 3515 2103 3555; x_wconf 82' lang='lat' dir='ltr'><strong>esse,</strong></span> <span class='ocrx_word' id='word_1_361' title='bbox 2139 3514 2253 3562; x_wconf 80' lang='lat' dir='ltr'><strong>quae</strong></span> <span class='ocrx_word' id='word_1_362' title='bbox 2292 3494 2481 3545; x_wconf 86' lang='lat' dir='ltr'><strong>Consul</strong></span> 
     </span>
     <span class='ocr_line' id='line_1_64' title="bbox 1420 3571 2477 3635; baseline -0.008 -8"><span class='ocrx_word' id='word_1_363' title='bbox 1420 3586 1509 3627; x_wconf 87' lang='lat' dir='ltr'><strong>aut</strong></span> <span class='ocrx_word' id='word_1_364' title='bbox 1550 3580 1759 3627; x_wconf 82' lang='lat' dir='ltr'><strong>Praetor</strong></span> <span class='ocrx_word' id='word_1_365' title='bbox 1786 3575 2027 3629; x_wconf 77' lang='lat' dir='ltr'><strong>vovebat,</strong></span> <span class='ocrx_word' id='word_1_366' title='bbox 2059 3574 2101 3620; x_wconf 88' lang='lat' dir='ltr'><strong>si</strong></span> <span class='ocrx_word' id='word_1_367' title='bbox 2141 3571 2264 3635; x_wconf 88' lang='lat' dir='ltr'><strong>quid</strong></span> <span class='ocrx_word' id='word_1_368' title='bbox 2308 3571 2477 3620; x_wconf 76' lang='lat' dir='ltr'><strong>minus</strong></span> 
     </span>
     <span class='ocr_line' id='line_1_65' title="bbox 1419 3646 2485 3717; baseline -0.009 -13"><span class='ocrx_word' id='word_1_369' title='bbox 1419 3655 1516 3717; x_wconf 74' lang='lat' dir='ltr'><strong>rite</strong></span> <span class='ocrx_word' id='word_1_370' title='bbox 1552 3661 1604 3704; x_wconf 88' lang='lat' dir='ltr'><strong>ct</strong></span> <span class='ocrx_word' id='word_1_371' title='bbox 1649 3666 1745 3716; x_wconf 81' lang='lat' dir='ltr'><strong>per</strong></span> <span class='ocrx_word' id='word_1_372' title='bbox 1783 3650 2129 3717; x_wconf 81' lang='lat' dir='ltr'><strong>ignorantiam</strong></span> <span class='ocrx_word' id='word_1_373' title='bbox 2159 3646 2485 3697; x_wconf 80' lang='lat' dir='ltr'><strong>committens</strong></span> 
     </span>
     <span class='ocr_line' id='line_1_66' title="bbox 1416 3723 2477 3792; baseline -0.006 -14"><span class='ocrx_word' id='word_1_374' title='bbox 1416 3745 1600 3778; x_wconf 84' lang='lat' dir='ltr'><strong>novam</strong></span> <span class='ocrx_word' id='word_1_375' title='bbox 1631 3729 1928 3792; x_wconf 79' lang='lat' dir='ltr'><strong>religionem</strong></span> <span class='ocrx_word' id='word_1_376' title='bbox 1953 3724 2319 3775; x_wconf 80' lang='lat' dir='ltr'><strong>contraxisset.</strong></span> <span class='ocrx_word' id='word_1_377' title='bbox 2387 3723 2477 3773; x_wconf 86' lang='lat' dir='ltr'><strong>Vi-</strong></span> 
     </span>
     <span class='ocr_line' id='line_1_67' title="bbox 1416 3800 2481 3865; baseline -0.007 -8"><span class='ocrx_word' id='word_1_378' title='bbox 1416 3821 1597 3857; x_wconf 86' lang='lat' dir='ltr'><strong>canum</strong></span> <span class='ocrx_word' id='word_1_379' title='bbox 1650 3806 1851 3854; x_wconf 80' lang='lat' dir='ltr'><strong>videtur</strong></span> <span class='ocrx_word' id='word_1_380' title='bbox 1873 3814 2080 3853; x_wconf 67' lang='lat' dir='ltr'><strong>‘vocare</strong></span> <span class='ocrx_word' id='word_1_381' title='bbox 2139 3800 2239 3850; x_wconf 85' lang='lat' dir='ltr'><strong>vici</strong></span> <span class='ocrx_word' id='word_1_382' title='bbox 2291 3801 2481 3865; x_wconf 84' lang='lat' dir='ltr'><strong>magis·</strong></span> 
     </span>
     <span class='ocr_line' id='line_1_68' title="bbox 1417 3877 2484 3942; baseline -0.008 -7"><span class='ocrx_word' id='word_1_383' title='bbox 1417 3893 1590 3935; x_wconf 85' lang='lat' dir='ltr'><strong>trum:</strong></span> <span class='ocrx_word' id='word_1_384' title='bbox 1625 3896 1692 3933; x_wconf 80' lang='lat' dir='ltr'><strong>ex</strong></span> <span class='ocrx_word' id='word_1_385' title='bbox 1731 3880 1995 3932; x_wconf 88' lang='lat' dir='ltr'><strong>sententia</strong></span> <span class='ocrx_word' id='word_1_386' title='bbox 2029 3884 2242 3931; x_wconf 79' lang='lat' dir='ltr'><strong>senatus</strong></span> <span class='ocrx_word' id='word_1_387' title='bbox 2296 3877 2484 3942; x_wconf 85' lang='lat' dir='ltr'><strong>impro-</strong></span> 
     </span>
     <span class='ocr_line' id='line_1_69' title="bbox 1413 3954 2481 4023; baseline -0.005 -14"><span class='ocrx_word' id='word_1_388' title='bbox 1413 3959 1594 4010; x_wconf 84' lang='lat' dir='ltr'><strong>batum</strong></span> <span class='ocrx_word' id='word_1_389' title='bbox 1620 3959 1690 4008; x_wconf 87' lang='lat' dir='ltr'><strong>ait</strong></span> <span class='ocrx_word' id='word_1_390' title='bbox 1715 3957 1853 4023; x_wconf 87' lang='lat' dir='ltr'><strong>quod</strong></span> <span class='ocrx_word' id='word_1_391' title='bbox 1877 3957 1927 4005; x_wconf 90' lang='lat' dir='ltr'><strong>in</strong></span> <span class='ocrx_word' id='word_1_392' title='bbox 1954 3969 2082 4019; x_wconf 86' lang='lat' dir='ltr'><strong>pura</strong></span> <span class='ocrx_word' id='word_1_393' title='bbox 2108 3960 2247 4017; x_wconf 80' lang='lat' dir='ltr'><strong>toga,</strong></span> <span class='ocrx_word' id='word_1_394' title='bbox 2287 3968 2389 4004; x_wconf 90' lang='lat' dir='ltr'><strong>uon</strong></span> <span class='ocrx_word' id='word_1_395' title='bbox 2427 3954 2481 4004; x_wconf 87' lang='lat' dir='ltr'><strong>in</strong></span> 
     </span>
     <span class='ocr_line' id='line_1_70' title="bbox 1418 4028 2490 4100; baseline -0.005 -15"><span class='ocrx_word' id='word_1_396' title='bbox 1418 4042 1676 4100; x_wconf 78' lang='lat' dir='ltr'><strong>praetexta</strong></span> <span class='ocrx_word' id='word_1_397' title='bbox 1706 4034 1853 4083; x_wconf 82' lang='lat' dir='ltr'><strong>indos</strong></span> <span class='ocrx_word' id='word_1_398' title='bbox 1911 4030 2296 4096; x_wconf 83' lang='lat' dir='ltr'><strong>Compitalitios</strong></span> <span class='ocrx_word' id='word_1_399' title='bbox 2345 4028 2490 4081; x_wconf 80' lang='lat' dir='ltr'><strong>face·</strong></span> 
     </span>
     <span class='ocr_line' id='line_1_71' title="bbox 1415 4105 2482 4173; baseline -0.008 -11"><span class='ocrx_word' id='word_1_400' title='bbox 1415 4119 1520 4163; x_wconf 90' lang='lat' dir='ltr'><strong>ret.</strong></span> <span class='ocrx_word' id='word_1_401' title='bbox 1583 4112 1674 4162; x_wconf 87' lang='lat' dir='ltr'><strong>Ita</strong></span> <span class='ocrx_word' id='word_1_402' title='bbox 1708 4110 1842 4160; x_wconf 87' lang='lat' dir='ltr'><strong>enim</strong></span> <span class='ocrx_word' id='word_1_403' title='bbox 1883 4115 2013 4173; x_wconf 91' lang='lat' dir='ltr'><strong>puto</strong></span> <span class='ocrx_word' id='word_1_404' title='bbox 2055 4108 2270 4158; x_wconf 81' lang='lat' dir='ltr'><strong>Festum</strong></span> <span class='ocrx_word' id='word_1_405' title='bbox 2320 4105 2482 4170; x_wconf 89' lang='lat' dir='ltr'><strong>scrip-</strong></span> 
     </span>
     <span class='ocr_line' id='line_1_72' title="bbox 1411 4182 2480 4251; baseline -0.008 -11"><span class='ocrx_word' id='word_1_406' title='bbox 1411 4190 1557 4246; x_wconf 81' lang='lat' dir='ltr'><strong>sisse,</strong></span> <span class='ocrx_word' id='word_1_407' title='bbox 1573 4188 1706 4238; x_wconf 75' lang='lat' dir='ltr'><strong>eoeS.</strong></span> <span class='ocrx_word' id='word_1_408' title='bbox 1730 4186 1953 4250; x_wconf 76' lang='lat' dir='ltr'><strong>Senatus,</strong></span> <span class='ocrx_word' id='word_1_409' title='bbox 1979 4182 2114 4251; x_wconf 86' lang='lat' dir='ltr'><strong>quod</strong></span> <span class='ocrx_word' id='word_1_410' title='bbox 2138 4184 2480 4248; x_wconf 85' lang='lat' dir='ltr'><strong>interpretor,</strong></span> 
     </span>
     <span class='ocr_line' id='line_1_73' title="bbox 1413 4260 2448 4318; baseline -0.004 -2"><span class='ocrx_word' id='word_1_411' title='bbox 1413 4281 1478 4317; x_wconf 83' lang='lat' dir='ltr'><strong>ex</strong></span> <span class='ocrx_word' id='word_1_412' title='bbox 1496 4265 1772 4318; x_wconf 77' lang='lat' dir='ltr'><strong>Sententia</strong></span> <span class='ocrx_word' id='word_1_413' title='bbox 1791 4264 2032 4317; x_wconf 78' lang='lat' dir='ltr'><strong>Senatus.</strong></span> <span class='ocrx_word' id='word_1_414' title='bbox 2066 4263 2176 4313; x_wconf 60' lang='grc' dir='ltr'><strong>ὅου.</strong></span> <span class='ocrx_word' id='word_1_415' title='bbox 2196 4260 2326 4313; x_wconf 78' lang='lat' dir='ltr'><strong>Seal.</strong></span> <span class='ocrx_word' id='word_1_416' title='bbox 2391 4266 2396 4272; x_wconf 84' lang='lat'><strong>‘</strong></span> <span class='ocrx_word' id='word_1_417' title='bbox 2443 4264 2448 4269; x_wconf 81' lang='grc'><strong><em>’</em></strong></span> 
     </span>
    </p>
   </div>
  </div>
 </body>
</html>
