3020 4853
443 315 527 379 12
1129 324 1448 374 ΑΝτοΝιι
1497 324 1910 375 Aucusrim

442 468 541 527 ret
585 480 831 538 eorum,
871 478 1023 542 quae
1066 458 1205 541 ipsi
1244 456 1460 539 magis
1505 456 1923 541 placuerunt.
2012 457 2085 523 Is
2119 458 2290 522 liber
2332 457 2623 524 indoctis

443 566 603 630 viris
648 564 819 630 adeo
863 562 1143 648 placuit,
1191 570 1268 627 ut
1315 581 1437 647 pro
1473 561 1685 627 Festo
1734 562 1802 627 in
1854 563 2159 628 omnibus
2205 562 2624 629 bibliothecis

444 669 998 734 substitueretur.⁸
1083 665 1273 731 Unus
1304 664 1518 732 adhuc
1547 666 1718 731 liber
1745 667 2023 732 extabat
2043 667 2247 733 totius
2274 667 2486 733 cladis
2512 686 2628 730 su-

443 780 725 856 persteS,
756 771 870 837 sed
906 770 1128 854 qualis
1160 770 1362 841 victis
1388 768 1949 834 commilitonibus
1977 775 2043 834 et
2064 771 2403 835 occisione
2442 770 2624 834 occi-

441 880 557 955 sis,
586 879 778 943 miles
809 875 1060 941 truncis
1088 873 1383 952 naribus,
1414 866 1627 938 altero
1661 873 1859 939 oculo
1887 872 2154 952 effosso,
2188 873 2421 940 mutilo
2457 873 2623 938 alte-

440 1001 516 1044 ro
547 980 840 1056 brachio,
871 978 1177 1043 cruribus
1220 977 1454 1041 fractis
1498 975 1675 1060 repit
1706 976 2037 1042 alicunde.
2103 964 2293 1060 'EJus
2327 976 2478 1041 libri
2511 975 2627 1041 ad-

442 1086 635 1163 vecti,
665 1089 739 1148 ut
765 1083 998 1161 ferunt,
1027 1102 1116 1147 ex
1145 1081 1411 1167 Illyrico
1442 1080 1673 1146 habuit
1700 1082 1963 1165 aliquas
1994 1078 2293 1164 pagellas
2325 1072 2623 1165 Pompo-

441 1189 593 1251 nius
637 1187 892 1265 Laetus,
920 1193 998 1251 ut
1030 1186 1224 1266 Pius,
1270 1191 1345 1251 ut
1376 1184 1754 1251 Politianus
1800 1184 2244 1269 scripserunt3
2306 1184 2624 1269 majorem

439 1292 589 1356 libri
614 1297 868 1377 partem
888 1289 1214 1356 Manilius
1248 1288 1515 1355 Rauus.
1604 1286 1716 1354 Ab
1745 1288 1849 1353 his
1877 1287 2175 1371 Angelus
2209 1285 2627 1354 Politianusf

437 1393 674 1459 librum
706 1395 991 1479 accepit,
1042 1395 1337 1479 agnovit,
1364 1398 1431 1458 et
1461 1392 1846 1478 exscripsit,
1877 1401 1944 1459 et
1983 1412 2071 1457 ex
2107 1412 2192 1458 eo
2222 1392 2291 1457 in
2323 1393 2623 1458 centuria

437 1517 701 1564 versum
733 1497 981 1564 Catulli
1010 1499 1358 1563 emendare
1383 1499 1685 1564 tentavit.
1770 1496 1885 1563 Ab
1908 1496 2139 1562 eodem
2167 1496 2485 1561 Politiani
2509 1515 2625 1560 ex-

436 1603 661 1687 emplo
695 1602 934 1667 Petrus
963 1602 1309 1669 Victorius
1329 1612 1355 1649 ⁸
1385 1602 1644 1687 aliquot
1675 1601 1847 1668 locis
1880 1602 1947 1665 in
1989 1602 2193 1667 variis
2219 1601 2623 1667 lectionibus

438 1707 742 1792 vulgares
774 1706 958 1772 Festi
985 1707 1198 1772 libros
1230 1706 1579 1771 emendare
1607 1705 2014 1783 doctissime,
2046 1711 2117 1770 ut
2149 1705 2342 1784 solet,
2373 1705 2621 1790 coepit:

437 1818 870 1895 pervenerunt
895 1811 1068 1896 ipsae
1100 1810 1401 1895 reliquiae
1434 1810 1644 1876 libelli
1673 1810 1758 1875 ad
1789 1809 2037 1875 Aldum
2071 1808 2473 1889 Manutium,
2505 1809 2623 1894 qni

436 1919 716 1979 conatus
767 1924 872 1981 est
919 1934 1069 1980 curn
1116 1915 1314 1980 Pauli
1359 1915 1644 1999 epitome
1689 1933 1807 1979 eas
1853 1912 2276 1999 conjungere,
2302 1921 2370 1980 et
2411 1933 2622 1979 unum

436 2038 680 2102 corpus
710 2038 799 2083 ex
837 2019 1225 2103 duplicibus
1270 2019 1583 2083 membris
1621 2017 1976 2083 conficere.
2065 2017 2199 2082 Sed
2240 2024 2374 2082 tam
2413 2018 2623 2083 multa

435 2122 688 2186 omissa
736 2131 912 2201 sunt,
941 2128 1079 2186 tam
1122 2122 1334 2187 multa
1378 2123 1568 2187 aliter
1615 2121 1815 2202 edita,
1845 2129 1921 2187 ut
1965 2121 2135 2186 alios
2163 2121 2622 2188 emendatores

434 2242 544 2289 res
591 2224 1003 2291 desiderarit.
1092 2226 1314 2292 Simili
1351 2228 1607 2292 ratione
1638 2248 1727 2294 ex
1766 2233 2047 2311 utroque
2076 2225 2245 2291 libro
2277 2226 2622 2292 confectus

433 2327 601 2392 alter
628 2327 796 2394 liber
822 2334 1012 2395 extat
1038 2329 1220 2413 apud
1249 2328 1581 2395 Achillem
1612 2329 1919 2395 Mafeum
1962 2328 2354 2396 Ber-nardini
2393 2327 2625 2395 Cardi-

432 2432 604 2498 nalis
629 2434 918 2514 fratrem,
950 2436 1068 2519 qui
1100 2434 1350 2501 Aldino
1379 2436 1771 2520 locupletior
1795 2442 1922 2500 est.
2014 2434 2123 2501 Ita
2152 2439 2286 2499 tres
2317 2431 2621 2519 ejusdem

430 2533 580 2598 libri
609 2536 956 2629 editioneS,
984 2557 1209 2602 omnes
1238 2544 1465 2604 autem‘
1488 2538 1895 2623 imperfectae
1931 2539 2313 2604 extiterunt.
2400 2537 2624 2604 Vetus

430 2637 540 2702 ille
570 2636 737 2705 liber
768 2640 956 2705 Festi
997 2640 1406 2720 dimidiatus,
1463 2643 1660 2728 cujus
1692 2650 1848 2708 ante
1883 2641 1959 2707 M
1989 2644 2251 2708 literam
2295 2640 2459 2707 nihil
2503 2661 2625 2707 ex-

430 2746 563 2821 tat3
609 2743 695 2806 ab
721 2762 806 2808 ea
830 2763 990 2809 vero
1032 2744 1225 2809 litera
1270 2746 1357 2809 ad
1396 2747 1598 2810 finem
1627 2747 1749 2811 vix
1778 2745 2118 2811 dimidium
2149 2751 2273 2825 est,
2304 2745 2480 2830 quod
2508 2765 2622 2810 su-

431 2852 678 2928 perest,
707 2846 880 2931 ejuS,
909 2846 1088 2930 quod
1116 2856 1323 2913 antea
1349 2849 1591 2914 fuerat.
1677 2849 1872 2916 Alter
1909 2849 2076 2914 liber
2117 2857 2218 2915 est
2246 2849 2442 2916 Pauli
2478 2852 2624 2934 epi-

429 2956 630 3027 tome,
663 2969 817 3033 quae
844 2969 1043 3034 quam
1074 2950 1477 3034 negligenter
1503 2952 1688 3020 facta
1721 2954 1827 3032 sit,
1859 2973 1947 3018 ex
1998 2954 2356 3020 collatione
2385 2955 2621 3020 verbo-

430 3070 574 3115 rum
632 3053 819 3118 Festi
863 3060 936 3117 et
990 3051 1211 3131 Pauli,
1259 3057 1438 3139 quod
1485 3056 1614 3124 hac
1658 3058 1951 3124 editione
2006 3058 2441 3137 ostendimus,
2505 3057 2618 3123 vel

429 3155 931 3221 indoctissimus
985 3157 1277 3242 quisque
1322 3180 1681 3244 agnoscere
1725 3167 1970 3249 potest.
2056 3162 2325 3229 Tertius
2367 3171 2476 3229 est
2527 3180 2619 3228 ex

429 3257 1108 3341 utroqueconfectus,
1142 3262 1375 3346 quales
1407 3270 1563 3329 sunt
1593 3264 1773 3344 Aldi,
1806 3266 2043 3348 Masei,
2074 3275 2146 3334 et
2171 3273 2409 3333 noster.
2480 3266 2617 3332 Sed

426 3379 548 3425 nos
577 3360 707 3426 hoc
738 3363 1033 3447 amplius
1058 3365 1362 3445 fecimus,
1387 3369 1566 3452 quod
1591 3369 1688 3435 illi
1717 3372 2192 3454 neglexerunt3
2239 3379 2311 3437 ut
2336 3371 2617 3438 lectores

426 3465 950 3545 admoneremus,
998 3488 1151 3552 quae
1199 3469 1410 3553 Festi,
1462 3493 1751 3559 quaeque
1799 3476 1998 3541 Pauli
2042 3481 2281 3542 essent.
2370 3474 2617 3541 Omnia

429 3586 693 3651 quoque
723 3567 1092 3653 fragmenta
1124 3572 1314 3639 Festi
1343 3574 1639 3642 describi
1683 3579 2089 3658 curavimus,
2134 3596 2216 3642 ne
2242 3577 2403 3663 quid
2435 3577 2617 3644 desi-

425 3671 638 3736 derari
681 3682 949 3757 posset;
1019 3676 1085 3739 in
1129 3678 1375 3760 quibus
1402 3680 1913 3765 interpretandis
1943 3701 2142 3767 quam
2172 3700 2448 3765 operam
2492 3702 2616 3767 po-

424 3774 784 3850 suerimus,
813 3794 903 3838 ex
947 3775 1076 3856 his,
1105 3798 1261 3863 quae
1305 3782 1373 3846 in
1419 3785 1919 3851 commentariis
1962 3784 2413 3870 ascripsimuS,
2430 3783 2617 3868 judi-

424 3897 580 3942 care
636 3877 844 3943 lector
893 3881 1139 3963 possit.
1228 3883 1616 3952 Habuimus
1660 3895 1886 3955 autem
1944 3890 2073 3955 hoc
2114 3894 2610 3956 monumentum

484 4067 505 4092 ²
539 4061 619 4109 Ex
642 4060 736 4110 Pio
760 4061 812 4111 in
836 4069 1010 4113 annot.
1034 4070 1171 4128 post.
1193 4080 1311 4129 cap.
1338 4070 1417 4116 16.
1554 4070 1682 4121 Var.
1720 4071 1845 4124 lect.
1879 4079 1935 4124 et
1972 4071 2063 4123 lib.
2099 4085 2266 4124 xvru.
2302 4086 2416 4135 cap.
2457 4075 2504 4121 7.
2551 4078 2607 4124 et

486 4133 504 4166 ¹
534 4136 613 4185 Ex
638 4137 881 4188 Politian.
901 4147 1043 4190 cent.
1067 4144 1114 4190 1.
1136 4155 1252 4206 cap.
1273 4146 1357 4193 ⁷3.
1554 4145 1693 4196 alibi.

483 4221 508 4256 Ι
541 4213 618 4262 Ex
643 4214 803 4267 Petro
824 4211 966 4266 vict.
987 4217 1078 4268 lib.
1101 4232 1238 4272 xvir.
1259 4234 1374 4286 cap.
1399 4225 1448 4271 2.
