3020 4853
1133 416 1306 477 Qum
1353 414 1683 468 nx‘rAN'r.
2410 405 2495 473 19

887 677 1016 751 M·
1086 676 1457 754 VERRII
1546 679 1922 755 FLACCI

522 850 525 851 f
626 852 753 919 DE
798 814 1340 925 VERBoRUM
1384 856 2209 933 SIGNIFICATIONE

1215 1062 1401 1129 ΜΒ.
1432 1062 1491 1131 1.

1216 1183 1401 1253 Lm.
1436 1183 1534 1252 11.

1222 1303 1403 1369 Lm.
1434 1304 1572 1395 111.

1217 1423 1398 1489 ΜΒ.
1432 1422 1564 1491 1v.

403 1542 765 1610 Vannius
815 1541 942 1607 hoc
993 1542 1163 1608 libro
1194 1543 1365 1625 dies,
1408 1546 1526 1628 qui
1563 1554 1716 1610 sunt
1761 1547 2086 1630 postridie
2125 1549 2500 1631 Kalendae,

321 1645 576 1724 NonaS‚
612 1645 801 1724 Idus,
834 1664 1005 1729 quos
1034 1647 1278 1731 vulgus
1323 1647 1630 1733 imperite
1663 1648 1955 1716 nefastos
1995 1641 2184 1732 dicit,
2231 1665 2501 1739 propter

316 1750 486 1813 hanc
516 1768 788 1812 causam
841 1747 1055 1813 dictos
1083 1748 1487 1835 habitosque
1537 1756 1716 1817 atros
1760 1773 1906 1819 esse
1943 1757 2191 1821 scribit.
2293 1758 2500 1835 Urbe,

312 1854 559 1937 inquit,
589 1873 633 1919 a
676 1851 895 1917 Gallis
941 1852 1311 1931 Senonibus
1355 1861 1746 1941 recuperata
1775 1857 1855 1923 L.
1886 1857 2134 1924 Atilius
2164 1862 2231 1929 in
2263 1867 2501 1926 senatu

321 1958 526 2022 verba
583 1950 764 2033 fecit,
821 1955 910 2036 Q.
959 1955 1320 2040 Sulpitium
1364 1957 1479 2023 Tr.
1528 1957 1674 2024 Mil.
1736 1958 1822 2024 ad
1866 1959 2117 2026 Alliam
2175 1962 2502 2033 adversus

320 2059 559 2129 Gallos
578 2065 1040 2143 pugnaturum,
1067 2080 1201 2126 rem
1233 2061 1527 2128 divinam
1560 2062 1914 2129 dimicandi
1936 2066 2145 2147 gratia
2174 2065 2496 2149 postridie

316 2160 482 2231 Idus
542 2162 787 2226 secisse
818 2181 837 2223 ε
911 2168 1048 2257 tum
1091 2165 1455 2233 exercitum
1514 2165 1752 2250 populi
1813 2165 2108 2233 Romani
2153 2169 2504 2237 occidione

323 2268 644 2343 occisum,
673 2270 738 2329 et
768 2272 926 2349 post
956 2265 1126 2332 diem
1152 2268 1414 2333 tertium
1439 2268 1584 2352 ejus
1602 2269 1738 2333 diei
1771 2270 1996 2334 urbem
2030 2278 2275 2355 praeter
2303 2270 2507 2355 Capi·

322 2369 562 2435 tolium
592 2376 867 2453 captam
897 2389 1069 2435 esse.
1157 2369 1694 2456 compluresque
1738 2370 1854 2437 alii
1906 2379 2242 2439 senatores
2287 2393 2504 2440 recor·

316 2473 462 2540 dari
491 2494 646 2540 sese
676 2473 1012 2555 dixerunt,
1043 2477 1355 2560 quotiens
1383 2475 1539 2539 belli
1568 2475 1835 2557 gerendi
1880 2478 2094 2557 gratia
2137 2496 2239 2542 res
2270 2476 2499 2542 divina

320 2577 639 2662 postridie
672 2576 1044 2656 KalendaS,
1099 2577 1367 2657 Nonas,
1399 2577 1565 2642 Idus
1598 2598 1640 2643 a
1673 2579 2064 2660 magistratu
2095 2579 2332 2663 populi
2366 2578 2507 2643 Ro-

319 2681 495 2750 mani
532 2680 717 2747 facta
745 2685 966 2751 esset:
1011 2681 1160 2767 ejus
1191 2681 1345 2748 belli
1375 2683 1685 2766 proximo
1717 2681 2037 2765 deinceps
2065 2682 2301 2766 praelio
2332 2701 2502 2747 rem-

192 2803 203 2812 *
321 2783 668 2868 publicam
716 2783 889 2848 male
934 2792 1194 2867 gestam
1244 2803 1418 2849 esse.
1502 2784 1673 2851 Tum
1721 2792 1990 2848 senatus
2036 2803 2185 2850 eam
2227 2804 2361 2850 rem
2417 2784 2507 2852 ad

325 2886 696 2951 Pontifices
725 2885 979 2969 rejecit,
1009 2895 1087 2952 ut
1115 2887 1271 2971 ipsi,
1302 2887 1485 2970 quod
1516 2885 1866 2966 videretur,
1896 2893 2275 2956 statuerent.
2331 2888 2511 2953 Pon-

326 2989 541 3057 tifices
604 2989 1034 3058 decreverunt
1092 2990 1349 3060 nullum
1405 2990 1493 3058 iis
1560 2989 1803 3058 diebus
1871 2990 2274 3060 sacrificium
2301 3067 2304 3070 ,
2333 2996 2509 3060 recte

322 3092 676 3162 futurumst*

413 3196 795 3263 Historiam
819 3196 905 3261 ab
934 3197 1291 3263 annalibus
1321 3198 1605 3282 quidam
1629 3198 1884 3264 differre
1909 3219 1991 3264 eo
2015 3203 2272 3283 putant,
2303 3196 2512 3284 quod,

324 3320 481 3376 ‘cum
525 3307 879 3384 utrumque
909 3300 994 3367 sit
1024 3320 1237 3367 rerum
1281 3305 1620 3384 gestarum
1662 3301 1976 3380 narratio,
2022 3320 2252 3367 earum
2298 3305 2511 3366 tamen

329 3405 600 3490 proprie
630 3423 845 3469 rerum
874 3404 965 3469 sit
991 3403 1299 3482 historia,
1330 3403 1579 3488 quibus
1606 3404 1804 3470 rebus
1850 3403 2150 3486 gerendis
2195 3404 2509 3469 inter-fu&

331 3510 417 3574 rit
445 3509 531 3588 is,
560 3508 678 3591 qui
705 3513 956 3572 narret:
999 3526 1278 3592 eamque
1310 3526 1461 3572 esse
1494 3507 1876 3591 opinionem
1906 3506 2313 3592 quorundam
2346 3505 2514 3569 Ver-⁴

330 3614 473 3679 rius
512 3611 729 3678 refert.
814 3607 925 3677 Ac
984 3630 1057 3676 se
1117 3610 1383 3695 quidem
1446 3611 1755 3676 dubitare
1799 3629 2002 3697 super
2051 3628 2137 3675 ea
2196 3628 2268 3674 re
2325 3608 2514 3674 dicit.

332 3717 549 3794 Posse
583 3721 803 3780 autem
831 3714 1039 3781 videri
1067 3720 1268 3801 putat
1303 3712 1605 3779 nonnihil
1637 3732 1787 3777 esse
1825 3712 2107 3777 rationis
2150 3711 2221 3777 in
2264 3730 2346 3775 ea
2375 3712 2518 3793 opi-

330 3821 555 3904 nione,
615 3816 796 3903 quod
819 3818 1097 3883 historia
1145 3815 1384 3883 Graece
1439 3815 1767 3898 significat
1810 3834 2024 3879 rerum
2077 3813 2521 3896 cognitionem

335 3921 779 4008 praesentium.
883 3920 1019 3986 Sed
1061 3939 1188 3987 nos
1243 3920 1470 3986 audire
1528 3920 1706 3984 soliti
1771 3936 2026 3989 sumus,
2088 3915 2328 3981 annale
2384 3936 2523 3981 om-

340 4027 496 4093 nino
527 4025 600 4090 id
633 4044 802 4102 esse,
830 4025 1007 4107 quod
1027 4023 1321 4091 historiae
1351 4024 1525 4108 sint3
1571 4023 1889 4090 historias
1920 4039 2052 4084 non
2082 4021 2343 4086 omnino
2367 4038 2521 4084 esse

338 4129 431 4210 id,
462 4127 646 4220 quod
677 4126 959 4193 annales
987 4127 1165 4194 sint.¹

528 4312 554 4354 *ι
589 4305 671 4360 Ex
696 4302 837 4355 Gell-
861 4300 949 4356 lib.
969 4315 1022 4357 v.
1046 4317 1165 4373 cap.
1190 4308 1269 4359 17.
1607 4310 1628 4339 r
1660 4303 1737 4356 Ex
1766 4300 1904 4352 Gen.
1933 4299 2018 4352 tib.
2042 4314 2094 4354 v.
2119 4313 2233 4367 cap.
2258 4302 2336 4353 18.
