3020 4853
588 356 720 423 266

1250 367 1476 418 sssx‘rt
1529 364 1836 415 Poursstt
1886 365 2094 416 FssS‘rt

595 519 898 583 Festram
916 516 943 552 ¹¹
975 515 1233 600 antiqui
1255 514 1587 589 dicebant,
1615 532 1815 597 quam
1843 531 1970 577 nos
1999 512 2375 578 fenestram.

597 622 890 686 Fetiales
914 616 966 657 ¹⁵
1013 639 1056 683 a
1092 617 1386 685 feriendo
1418 615 1620 681 dicti:
1665 613 1845 698 apud
1897 613 2017 679 hos
2047 614 2226 679 enim
2255 613 2417 679 belli
2446 612 2763 698 pacisque

679 723 1001 789 faciendae
1023 722 1142 806 jus
1173 729 1296 785 est.

597 822 887 906 Pinna}
918 844 1127 909 genus
1157 824 1389 889 bestiae
1419 820 1822 906 quadrupes·
1908 818 2239 884 Plautus:
2289 818 2404 884 Sic
2439 838 2547 884 me
2576 818 2768 883 subes

1506 985 1865 1013 ouo-eumn

663 1083 689 1127 1
718 1074 818 1128 Ed.
838 1076 974 1126 Scal.
1010 1076 1239 1125 Fer-iales.

1575 1221 1798 1275 NOTA-2

655 1336 681 1371 ἢ
714 1338 951 1404 Restmm]
1015 1339 1156 1390 Nihil
1204 1346 1456 1403 praterea
1494 1337 1642 1388 addit

594 1417 942 1479 ineptissimus
966 1418 1247 1480 mutilatur,
1276 1418 1373 1465 boc
1402 1430 1502 1465 uuo
1525 1430 1641 1465 con·

593 1496 782 1553 tentus,
817 1492 1064 1542 vocabula
1098 1500 1290 1543 tantum
1316 1493 1459 1543 uobis
1482 1507 1641 1557 appo-

592 1579 736 1626 nere,
778 1568 1177 1632 significationis,
1211 1578 1267 1621 et
1299 1570 1460 1619 omnis
1494 1570 1643 1633 ritus,

593 1651 746 1709 atque
789 1647 1112 1710 antiquitatis
1145 1661 1372 1697 securus.
1434 1645 1509 1697 At
1552 1661 1642 1695 uos

591 1719 811 1771 sciamus
840 1723 1057 1772 Festi-em
1077 1721 1235 1773 fuisse
1258 1723 1442 1773 ostium
1460 1723 1648 1772 minus-

591 1797 765 1847 culum
811 1800 861 1847 iu
902 1804 1142 1850 sacrario.
1231 1799 1384 1853 Quod
1444 1806 1645 1850 tautum

594 1874 763 1929 abest,
789 1882 845 1925 ut
870 1879 1271 1941 praetermittere
1293 1875 1534 1927 debuerit
1555 1876 1646 1926 ab·

594 1949 858 2000 breviator
879 1952 996 2014 iste,
1021 1961 1080 2004 ut
1110 1955 1262 2004 etiam
1288 1954 1353 2003 de
1374 1969 1437 2004 eo
1460 1954 1645 2004 librum

579 2026 780 2088 justum
822 2028 1109 2080 confecerit
1144 2030 1474 2080 doctissimus
1496 2029 1648 2079 simul

591 2110 748 2166 atque
774 2106 1135 2156 vetustissimus
1159 2107 1541 2157 Grammaticus
1563 2108 1642 2157 M.

590 2177 848 2230 Antonius
871 2181 1095 2245 Gnipho.
1130 2183 1454 2234 Macrobius:
1476 2190 1489 2212 ‘
1505 2183 1643 2234 Item

589 2253 848 2306 Antonius
893 2257 1119 2322 Gnipho,
1148 2260 1225 2309 vir
1259 2261 1464 2322 doctus,
1493 2262 1641 2325 cujus

589 2332 812 2382 scholam
836 2334 1022 2384 Cicero
1040 2344 1156 2400 post
1180 2336 1406 2386 laborem
1420 2336 1520 2387 fori
1541 2337 1642 2388 fre·

588 2409 892 2472 quentabat,
913 2411 1076 2461 Salios
1118 2413 1327 2464 Herculi
1357 2414 1506 2465 datos
1526 2430 1644 2480 pro·

588 2484 679 2534 bat
732 2487 786 2535 iu
829 2501 891 2536 eo
925 2489 1194 2547 volumine.
1254 2506 1355 2555 quo
1408 2492 1645 2556 disputat

586 2562 711 2626 qnid
737 2564 806 2613 sit
831 2565 1030 2629 Festra,
1068 2568 1201 2633 quod
1239 2577 1322 2618 est
1343 2569 1528 2619 ostium
1553 2571 1643 2619 ml·

587 2639 855 2688 nusculum
879 2640 932 2689 in
966 2644 1211 2707 sacrario,
1232 2658 1333 2703 quo
1356 2646 1516 2695 verbo
1539 2647 1642 2694 Eu·

587 2713 701 2763 uius
723 2715 876 2765 etiam
901 2732 1021 2767 usus
1045 2719 1156 2768 est!
1224 2721 1309 2769 Ita
1336 2721 1639 2784 jamdudum

587 2790 860 2855 legendnm
886 2793 938 2843 in
979 2795 1251 2846 Macrobio
1278 2800 1522 2862 suspicati
1557 2814 1640 2849 su-

585 2882 714 2925 mus,
752 2884 865 2919 cum
899 2885 1023 2921 ecce
1067 2871 1369 2924 confirmata
1405 2884 1482 2926 est
1524 2890 1639 2926 seu·

588 2947 754 2994 tentia
791 2956 966 2997 nostra
1003 2949 1130 2999 libro
1175 2950 1431 3000 Macrobii
1466 2966 1641 3000 mauu·

585 3022 802 3084 scripto,
825 3023 973 3087 cujus
994 3025 1194 3087 copiam
1215 3025 1364 3075 nobis
1379 3026 1507 3077 fecit
1530 3043 1641 3077 eru·

571 3097 889 3160 ditissimus,
927 3114 988 3150 ac
1022 3102 1177 3151 totius
1209 3104 1535 3169 antiquitatis
1549 3106 1635 3170 ju-

570 3173 760 3238 ·risque
794 3175 962 3224 civilis
1002 3179 1410 3243 promptuarium
1446 3182 1637 3232 Petrus

585 3250 843 3309 Pitboeus,
866 3254 1058 3303 amicus
1081 3263 1272 3305 noster.
1303 3258 1411 3306 Jos.
1432 3258 1559 3309 Soet.

651 3328 892 3393 Festi-unt]
930 3330 1153 3381 Fenestre
1188 3348 1219 3381 a
1255 3332 1454 3396 φοινίξαι,
1492 3337 1636 3399 quasi

567 3406 811 3464 fanestre.
878 3408 985 3457 Per
1023 3424 1286 3476 syncopen
1320 3410 1498 3474 festi-a,
1539 3413 1636 3463 nisi

578 3484 728 3534 restra
749 3484 1053 3549 simpliciter
1067 3487 1135 3537 sit
1157 3502 1189 3536 a
1204 3485 1327 3550 φάν,
1350 3497 1409 3537 ut
1433 3489 1636 3552 putavit

581 3560 815 3610 Vossius.
886 3564 1067 3628 Neque
1092 3565 1251 3624 scutra
1291 3564 1394 3615 fuit
1435 3567 1633 3631 quavis

579 3636 830 3695 fenestra,
857 3654 950 3703 per
972 3655 1122 3704 quam
1146 3642 1234 3690 lux
1272 3642 1509 3701 intraret,
1541 3643 1633 3693 sed

579 3716 911 3766 minusculum
935 3717 1146 3766 sacrarii
1175 3717 1380 3768 ostium.
1449 3719 1535 3769 De
1570 3735 1635 3770 ea

577 3793 762 3843 librum
793 3795 991 3858 justum
1034 3793 1262 3844 confecit
1305 3796 1633 3848 doctissimus

578 3870 728 3918 simul
767 3879 922 3934 atque
956 3871 1327 3921 vetustissimus
1360 3872 1632 3923 Gramma-

577 3946 712 3995 ticus
735 3946 814 3995 M.
852 3946 1104 3996 Antonius
1146 3947 1387 4012 Gnipho:
1427 3950 1633 4001 Macro·

577 4024 722 4074 bins:
774 4024 936 4074 ‘Item
981 4025 1237 4075 Antonius
1284 4026 1508 4091 Gnipho,
1553 4031 1631 4080 vir

577 4100 777 4155 doctus.
824 4101 969 4164 cujus
1015 4102 1238 4151 scholam
1285 4103 1469 4153 Cicero
1515 4115 1631 4168 post

575 4178 800 4226 laborem
856 4177 955 4227 fori
1018 4177 1405 4243 frequentabat,
1463 4183 1629 4234 Salios

579 4252 792 4304 Remuli
819 4254 963 4307 datos
986 4254 1173 4320 probat
1195 4256 1247 4306 iu
1271 4273 1336 4309 eo
1357 4260 1630 4321 volumine,

1719 1351 1824 1402 quo
1843 1336 2070 1401 disputat
2088 1334 2207 1401 quid
2231 1335 2297 1385 sit
2318 1333 2519 1395 Festra,
2532 1331 2673 1397 quod
2694 1339 2772 1382 est

1721 1413 1908 1463 ostium
1930 1413 2269 1462 minusculum
2300 1415 2352 1461 in
2390 1410 2639 1471 sacrario,
2675 1422 2771 1473 quo

1723 1489 1881 1540 verbo
1905 1490 2058 1539 etiam
2084 1487 2275 1537 Ennius
2295 1500 2413 1535 usus
2436 1485 2551 1535 est?
2586 1485 2714 1534 Dae.

1782 1566 1796 1600 ¹
1831 1565 2081 1629 Fetialesss
2113 1565 2314 1628 Legati,
2349 1564 2437 1628 qui
2469 1562 2551 1612 vel
2587 1561 2655 1611 ad
2691 1576 2774 1625 pa-

1721 1658 1832 1693 cem
1856 1642 2162 1702 faciendam,
2204 1640 2285 1690 vel
2321 1638 2383 1688 ad
2422 1638 2612 1688 bellum
2648 1635 2773 1686 iudi·

1722 1721 1963 1771 cendum.
2030 1718 2075 1769 A
2113 1715 2347 1768 feriendo
2388 1715 2588 1764 foedere
2623 1712 2772 1774 dicti,

1718 1798 1865 1861 quasi
1888 1797 2105 1858 feriales,
2131 1795 2213 1844 vel
2232 1810 2263 1843 a
2272 1794 2514 1853 faciendo,
2535 1793 2688 1855 quasi
2699 1790 2773 1850 se-

1719 1875 1880 1935 ciules,
1902 1875 2037 1923 unde
2059 1881 2114 1923 et
2137 1872 2340 1935 quidam
2359 1883 2454 1933 per
2469 1868 2773 1918 Cacribuut.

1719 1951 1821 2001 Sed
1868 1950 2005 2016 apud
2062 1950 2282 2000 Graecoa
2323 1960 2532 2009 semper
2586 1958 2684 2009 per
2732 1944 2774 1992 '1⁸

1723 2027 1977 2092 φσιάλειε.
2010 2028 2187 2080 Quare
2211 2027 2406 2089 opti-e
2428 2022 2667 2078 Vossius,
2689 2020 2776 2086 qui

1724 2107 1797 2155 ait
1818 2106 1988 2156 dictos
2010 2103 2187 2165 asotia,
2209 2102 2262 2152 id
2290 2109 2388 2163 est,
2405 2101 2579 2162 fando,
2601 2115 2635 2147 ι
2657 2111 2775 2148 con·

1723 2196 1871 2232 verso
1892 2181 1945 2231 in
1965 2196 2010 2230 e.
2073 2181 2283 2243 Quippe
2317 2185 2371 2228 et
2402 2182 2614 2225 oratores
2634 2174 2775 2224 dice·

1721 2259 1908 2309 bantur
1925 2259 2074 2307 Varr.
2091 2257 2158 2306 de
2182 2257 2291 2305 vita
2310 2269 2430 2318 pop.
2456 2253 2610 2302 Rom.
2634 2251 2652 2279 ‘
2671 2252 2773 2301 Ita-

1722 2349 1822 2399 que
1857 2333 1993 2384 bella
2029 2341 2081 2382 et
2107 2331 2275 2392 tarde,
2310 2340 2364 2380 et
2402 2330 2541 2379 nulla
2562 2328 2777 2378 licentia

1721 2411 2093 2475 suscipiebant,
2149 2408 2283 2475 quod
2331 2408 2516 2458 bellum
2560 2403 2774 2466 nullum,

1723 2489 1816 2537 uisi
1839 2489 2000 2552 pium,
2023 2486 2269 2551 putabant
2296 2484 2402 2549 geri
2431 2491 2702 2547 oportere,
2722 2488 2775 2530 et

1723 2567 2018 2629 priusquam
2063 2562 2349 2611 indicerent
2389 2560 2580 2610 bellum
2626 2559 2709 2612 iis,
2745 2571 2775 2604 a

1723 2642 1909 2707 quibus
1946 2640 2159 2704 iujurias
2195 2637 2358 2686 factas
2392 2636 2655 2697 siciebant,
2701 2630 2774 2682 fe-

1724 2719 1872 2769 tiales
1903 2719 2102 2782 legatos
2140 2730 2225 2765 res
2277 2714 2555 2778 repetitum
2602 2712 2775 2762 mitte·

1721 2796 1850 2845 baut
1894 2803 2131 2858 quatuor,
2176 2807 2305 2857 quos
2347 2795 2581 2840 oratores
2630 2801 2774 2839 vom·

1718 2872 1883 2924 baut.’
1920 2873 2069 2921 Idem.

1782 2949 1807 2983 ¹¹
1841 2948 2005 3013 Fiber]
2039 2946 2249 2997 Animal
2273 2946 2410 3012 quod
2432 2954 2489 2996 et
2526 2946 2544 2974 ‘
2563 2942 2774 3006 caston-‚⁹

1718 3035 1777 3079 et
1811 3027 1988 3078 ‘cauis
2028 3023 2285 3088 ponticus’
2327 3025 2542 3075 dicitur.
2609 3023 2771 3078 Fiber,

1718 3104 1857 3170 quod
1888 3110 2145 3153 extremas
2187 3101 2408 3151 amnium
2451 3116 2571 3151 oras
2613 3102 2771 3162 colat,

1718 3196 1845 3246 quas
1874 3181 2032 3245 fibras
2074 3177 2271 3227 diitere.
2371 3177 2504 3226 Nam
2548 3177 2771 3227 Veteres

1718 3271 1866 3307 omne
1908 3266 2193 3305 extremum
2249 3253 2431 3321 fibrina
2493 3254 2773 3304 vocabant.

1717 3335 1872 3384 Unde
1879 3334 2026 3398 flbroe
2047 3341 2295 3382 extrema.-
2310 3331 2561 3394 jecinoris
2584 3339 2773 3395 partes,

1716 3421 1773 3463 et
1798 3412 2016 3462 vestium
2062 3409 2294 3459 fimbriae.
2363 3410 2528 3459 Varro
2567 3410 2658 3459 lib.
2696 3422 2773 3459 tv.

1715 3489 1782 3540 de
1807 3491 1868 3539 L.
1893 3490 1952 3539 L.
1985 3496 2002 3518 ⁸
2020 3488 2177 3537 Fiber
2216 3487 2279 3537 ab
2301 3495 2538 3536 extrema
2568 3501 2659 3535 ora
2678 3484 2771 3535 flu·

1714 3567 1863 3616 minis
1882 3566 2067 3615 dextra
2088 3572 2143 3614 et
2167 3564 2374 3612 sinistra
2391 3563 2615 3612 maxime
2636 3561 2768 3626 quod

1714 3645 1847 3694 solet
1869 3643 2048 3697 videri,
2091 3648 2144 3689 et
2170 3640 2370 3704 antiqui
2405 3639 2590 3689 fibi-um
2628 3640 2766 3688 dice·

1712 3721 1839 3771 baut
1862 3727 2169 3778 extremum,
2207 3718 2340 3767 unde
2363 3717 2413 3767 iu
2435 3718 2574 3779 sagis
2597 3725 2767 3767 extre-

1711 3813 1792 3847 ma
1809 3787 2049 3859 fimbriat,
2088 3805 2144 3844 et
2180 3796 2233 3844 in
2260 3795 2441 3858 jecore
2481 3802 2765 3844 extremum

1709 3875 1857 3937 fibra,
1879 3875 1995 3923 binc
2021 3873 2154 3922 tiber
2175 3871 2377 3921 dictus-⁹
2400 3871 2501 3920 Ubi
2517 3871 2767 3936 Scaliger,

1711 3961 1729 3983 ⁸
1744 3952 1817 4001 Ut
1839 3965 2057 4007 aceruo,
2080 3949 2306 3999 cribrum
2326 3963 2387 4010 ;a
2409 3946 2568 4010 facio,
2589 3946 2767 4011 faber-3

1711 4045 1743 4079 a
1780 4031 1883 4091 luo,
1926 4028 2089 4088 liber;
2143 4041 2174 4075 a
2220 4038 2418 4087 cresco,
2455 4026 2676 4084 creber3
2727 4040 2759 4076 a

1712 4105 1886 4171 glubo‚
1910 4104 2119 4180 glaber3
2154 4116 2183 4151 a
2221 4115 2449 4162 scat-reo,
2481 4101 2697 4162 scaber;
2731 4117 2763 4151 a

1712 4198 1821 4239 suo,
1844 4183 2030 4241 suber;
2055 4184 2151 4230 διο.
2173 4179 2249 4230 sic
2272 4193 2302 4227 a
2320 4177 2642 4240 finio,ftber.’
2663 4179 2759 4228 ve·

1714 4277 1824 4312 rum
1861 4257 2140 4309 Salmasius
2163 4254 2367 4322 fimbria
2393 4255 2502 4305 sive
2530 4255 2756 4320 filu-ieet
